2728 4758
274 409 336 474 230

272 575 350 658 τοὺς
382 560 524 658 κακοῦς,
564 567 673 658 ἢοῦκ
709 573 743 640 ἐν
775 569 848 668 δίκη
877 564 1097 692 κολαζόντων,
1144 563 1304 659 ἔίγτδὴ

272 677 400 802 ἀνάγκη
430 683 462 747 οἱ
486 681 582 749 κακοὶ
603 675 709 745 κακοί.
761 643 869 743 Αλλά
895 671 974 755 τοῦς
997 681 1057 798 μὲν
1077 670 1269 767 ἀνθρώπους

273 783 406 875 κυρίους
434 778 476 849 ἂν
502 780 626 848 ἑαυτῶν
661 781 762 846 ἐῖναι
776 774 815 846 οῦ
846 778 892 871 τῷ
922 775 969 867 μὴ
1000 774 1051 846 ὑπ’
1082 773 1251 857 οῦδενὸς’“
1231 800 1268 844 αν

272 879 473 974 τοπαράπαν
502 879 694 974 ἄρχεσθαι,
729 875 775 967 μά
806 905 842 950 τε
868 883 928 949 τοῦ
956 877 1076 964 άλλσυ,
1110 875 1156 968 μή
1183 876 1208 947 τ’
1233 876 1270 946 ῦν

273 983 389 1056 άυτῶν
406 985 470 1054 τῶν
497 985 619 1066 θεῶν,
637 978 727 1052 άλλά
753 983 801 1052 τῶ
832 983 914 1070 ἔχειν
941 987 1001 1105 μέν
1026 1008 1058 1052 τι
1089 983 1269 1060 ἐνιαυτοῖς

270 1087 392 1183 ἔργον,
423 1084 463 1156 τὸ
488 1087 651 1180 φρονοῦν,
679 1082 718 1154 τὸ
747 1081 1106 1180 δὲπσλῦαρχόμενον·
1139 1084 1270 1154 καὶτοῦ

271 1192 397 1262 πολλοῦ
414 1184 535 1258 τοῦτον
554 1182 607 1272 ἓν,
638 1184 678 1256 τὸ
692 1189 841 1312 φρονοῦν
858 1213 893 1256 τε
910 1195 967 1256 καὶ
988 1183 1088 1284 φύσει
1107 1191 1270 1286 βέλτιστον

272 1295 337 1364 τῶν
363 1289 542 1417 ἡμετέρων
551 1286 665 1414 κύριον
686 1287 729 1360 ῦίν
753 1293 846 1362 δῖναι.
889 1286 1050 1362 ’Ambae
1035 1288 1168 1375 ὲδὴ
1134 1317 1174 1361 το
1193 1315 1270 1386 φρυ-

270 1399 349 1466 νσῦν
376 1390 420 1475 ῶς
441 1389 554 1464 οῦκὲτ
566 1390 614 1462 ἂν
637 1391 774 1486 ἄρχοιτο
802 1390 853 1463 ὑπ’
885 1391 1034 1478 οὐδενὸς,
1071 1391 1132 1465 οῦκ
1162 1389 1203 1464 ῶν
1230 1392 1271 1514 ἕίρ

272 1502 381 1568 εἰπεῖν.
414 1494 591 1575 ἨΕπειτα
574 1523 604 1565 ει
621 1492 667 1588 μῦ
694 1492 845 1577 ῶςαῦτιυς
861 1489 986 1568 δίπασιν
1006 1493 1218 1592 ἀνθρώποις,
1236 1492 1271 1564 τί

271 1601 420 1695 φρονοῦν
442 1601 541 1668 τοῦτο
548 1650 557 1683 ,
593 1595 659 1670 ῦπὸ
683 1601 747 1668 τῶν
771 1596 879 1670 άοτῶν
902 1597 1107 1694 πραγμάτων
1127 1601 1272 1697 φαίνετον
1319 1625 1322 1635 ·

204 1717 206 1725 ’
272 1707 531 1792 διατιθέμενον,
579 1698 639 1772 σῦκ
670 1699 712 1772 ῶν
747 1699 864 1797 ὀρθῶς
892 1729 944 1784 τις
978 1701 1114 1790 οἰηθείη
1144 1697 1218 1795 μηδ’
1245 1701 1274 1784 ἐξ

274 1801 420 1893 άνάγκης
440 1802 483 1875 ῶν
502 1807 648 1875 ἕπεσθαι
671 1811 741 1886 τοῖς
760 1800 944 1899 πράγμασι.
988 1809 1100 1891 Δῆλον
1119 1803 1186 1902 γάρ
1210 1807 1272 1874 ἐστι

272 1911 374 1978 τοῦτο
401 1912 585 1998 συμβαῖνον
610 1904 704 2002 παρά
727 1935 761 1978 τι
795 1906 856 1994 τὴν
876 1907 964 1980 ἰδίαν
988 1905 1095 1981 άυτοῦ
1115 1912 1177 1980 τοῦ
1197 1931 1273 2004 φρυ-

273 2015 409 2100 νοῦντος
423 2008 577 2082 ἑκάστοτε
598 2008 717 2106 φύσιν,
737 2008 832 2106 παρά
849 2039 883 2082 τε
897 2011 957 2098 τὴν
970 2011 1123 2098 ἄσκησιν.
1170 2005 1273 2082 Ταυτῦ

273 2111 382 2210 γδρ“
365 2116 504 2198 ο,τιοῦν,
532 2116 659 2186 πλείοσι
676 2123 756 2205 μὲν,
784 2120 983 2211 διαφέρουσι
1003 2121 1040 2186 δι’
1059 2145 1107 2201 πη
1122 2110 1273 2232 άλλῦλνθι

274 2219 495 2338 προςπίπτσν,
541 2209 619 2298 ῶςτε
649 2214 791 2303 δράσον,
838 2215 1044 2314 διαφέροντά
1072 2245 1129 2290 τοι
1156 2219 1212 2287 καί
1236 2211 1274 2286 τά

272 2317 467 2409 παθήματα
488 2316 554 2403 ε’ξ’
534 2316 685 2447 ανάγκης
699 2316 937 2414 ἀπεργάσεται
946 2327 1139 2446 διαφέρειν
1156 2317 1220 2414 γάρ
1239 2313 1275 2387 άν

272 2420 313 2491 τὸ
334 2428 469 2517 φρονεῖν
500 2424 599 2492 τοῦτο
630 2419 799 2544 ἑκάστρις,
834 2430 891 2494 καῖ
918 2422 980 2510 τὴν
1008 2423 1114 2520 φῦσιν
1119 2429 1198 2494 καὶ
1222 2417 1275 2504 τὴν

274 2521 433 2610 ἄσκησιν,
461 2528 595 2610 καὶτῆς
614 2533 675 2616 μὲν
698 2521 828 2621 φάσεως
848 2524 1049 2609 τοῦςθεσῦς
1069 2535 1134 2618 μὲν
1153 2525 1276 2653 κυρίους

273 2628 375 2712 ἒῖναι,
413 2630 472 2712 τῆς
500 2625 583 2698 δὲ
562 2624 730 2712 ασκὴσειος
758 2627 818 2713 τὴν
846 2631 907 2702 τοῦ
937 2626 1108 2724 άσκητέως
1143 2625 1217 2715 ⁶)
1201 2633 1276 2697 εῖναι

272 2726 395 2816 δόξαν,
429 2734 593 2824 προτέραν
618 2757 664 2825 τρι
694 2728 984 2855 ἐγγενομένην,“
962 2758 1004 2817 ην
1038 2730 1084 2804 ῶν
1117 2728 1277 2850 ἀμήχανον

273 2829 316 2902 ῶν
339 2833 424 2916 η’
391 2857 475 2905 ειναι
494 2831 731 2923 ἐγγενέσθαι
703 2837 856 2964 οτφρῦν,
882 2864 928 2926 μη
949 2861 990 2906 ον
973 2838 1100 2908 θεοῦ
1112 2826 1276 2958 παρρισεὴ-

274 2959 405 3016 σαντος.
446 2938 595 3061 Κυρίους
613 2935 712 3028 μέν’
696 2941 755 3008 οῦν
770 2935 813 3008 ῶν
833 2940 958 3009 ναυτῶν
980 2938 1059 3021 τοῦς
1079 2933 1277 3033 ἀνθρώπους

273 3137 438 3233 άρχασιν,
473 3144 740 3235 ἐλευθέρουςὲ
704 3147 740 3212 δὲ
769 3144 852 3214 ε’ῖναί
876 3169 911 3214 τε
939 3165 1008 3224 πως
1031 3111 1090 3214 ιίαι
1116 3143 1165 3236 μὴ
1193 3145 1278 3212 ε’ῖνσι.

269 3238 321 3312 'Ec
347 3249 408 3334 μὲν
433 3241 499 3366 γάρ
532 3247 727 3339 ἐλευθερίαν
758 3251 807 3326 τίς
837 3243 898 3330 τὴν
928 3244 975 3334 μὴ
1002 3243 1153 3336 άνάγκην
1175 3247 1276 3324 καλεῖ,

274 3342 335 3414 οῦκ
363 3343 405 3420 άν
429 3344 545 3441 ὀρθῶς
566 3351 721 3443 φαίνοιτο
748 3350 878 3432 καλῶν,
909 3343 1134 3438 ῶυαγκοίζοιτο
1158 3346 1224 3442 γάρ
1242 3342 1279 3414 άν

272 3451 425 3519 δουλείαν
455 3447 514 3535 τὴν
545 3447 691 3538 άνάγκηυ
722 3455 842 3522 καλεῖν.
904 3453 1027 3576 Τῇδ
990 3455 1027 3522 δὲ
1057 3454 1197 3546 δουλεία
1228 3451 1279 3517 καί

272 3553 463 3622 δεσποτείαν
487 3549 593 3637 δηπυυ
617 3555 701 3624 ἐῖναί
717 3578 792 3624 τινα
813 3559 878 3638 δεῖ,
898 3583 919 3650 η
904 3523 1129 3640 ’δονλεῦσεα
1151 3553 1278 3672 δουλιίρ

272 3649 374 3723 ῦῦσα
409 3681 449 3752 τη
470 3651 530 3725 ὀῦν
553 3651 807 3753 πρεσβυτάτη
787 3652 930 3780 ανάγκη,
961 3652 1066 3728 καλ“
1042 3687 1064 3742 η
1082 3654 1177 3781 μόνη
1196 3648 1275 3737 άυτῦ

271 3752 313 3826 δι’
350 3754 454 3842 άυτην
477 3753 671 3846 άναγκαίιυς
704 3761 787 3850 ἔχει,
822 3758 867 3829 τά
897 3754 927 3830 δ
959 3757 1091 3830 άλλα’
1075 3755 1213 3831 άπαντα
1239 3753 1275 3826 δι’

267 3853 409 3994 ἐκείνην,
431 3885 472 3944 ην
488 3857 648 3948 τάγαθόν
667 3889 701 3932 τε
722 3860 806 3933 άυτὸ
826 3869 881 3932 καὶ
903 3861 961 3933 τὸν
987 3866 1051 3936 Δία
1081 3871 1212 3960 φαμὲν,
1232 3859 1276 3938 τίς

267 3965 351 4034 ποτε
376 3964 469 4032 ἔσται
490 3957 720 4052 δεσποτεία,
699 3993 719 4062 η
742 3963 781 4036 οὐ
803 3964 993 4056 δουλεύσει,
1020 3966 1059 4038 οῦ
1081 3965 1150 4061 γάρ
1172 3987 1273 4043 πονυ
