2804 4762
1081 324 1155 408 aas
1226 301 1231 308 ⁸

24 587 25 592 ἵ
120 507 157 572 ad
180 529 315 592 eaquae
336 507 415 573 liunt
436 510 603 585 conserat,
628 511 701 594 quia
721 511 842 576 scilicet
864 513 935 584 talis
959 525 1007 576 est
1029 522 1119 576 natu·

23 599 25 606 ’
118 631 195 688 rae,
224 611 331 676 itaet
358 599 396 674 de
423 612 480 687 iis,
518 635 601 696 quae
627 635 645 676 a
669 615 761 678 nobis
785 615 847 678 atio
868 627 1012 698 tempore
1031 615 1120 677 aliter

119 716 213 792 liant,
252 715 360 778 iisdem
392 718 488 778 robus
518 737 583 780 non
613 716 930 794 circumsistentibus,
968 739 1032 782 non
1062 717 1121 780 alia

119 841 213 882 causa
238 821 415 901 quaerenda
437 830 485 882 est
506 831 633 900 praeter
655 820 827 908 bominem.
872 822 946 884 Hoc
972 820 1052 884 enim
1074 829 1122 882 est
1205 807 1209 815 ¹

118 921 277 990 bominem
303 941 371 984 esse
395 943 519 984 calisam
541 942 609 984 esse
635 934 666 984 et
687 923 874 1004 principimn
895 945 1001 986 earum
1023 922 1121 986 aetio·
1179 941 1181 946 ·

119 1047 210 1101 utrm,
248 1045 329 1107 quae
354 1023 533 1106 peripsum
558 1027 704 1096 eduntur.
763 1027 859 1108 Quod
884 1038 988 1101 atrtem
1010 1025 1128 1090 dicitnr.

118 1128 211 1190 etiam
234 1148 289 1191 eos
313 1125 367 1210 qui
384 1126 561 1190 consultant
590 1127 622 1190 id
652 1113 831 1218 approbare
857 1131 943 1211 quod
967 1129 1042 1210 ipsis
1066 1150 1138 1210 apa

117 1232 317 1314 paobandmn
339 1229 480 1305 videtur,
518 1251 556 1292 ac
575 1229 709 1311 proinde
735 1252 791 1293 eos
814 1251 878 1293 non
904 1231 1004 1294 minus
1030 1253 1122 1314 quam

119 1345 246 1398 caetera
264 1331 429 1396 animantia
448 1331 517 1413 rapi
539 1331 636 1408 visis,
667 1333 700 1396 id
716 1355 835 1400 ,verum
856 1345 1002 1397 nonest.
1046 1336 1121 1396 Non

118 1439 197 1504 enim
211 1456 305 1499 omne
321 1438 407 1518 quod
416 1434 579 1518 sequimur
598 1457 639 1498 ex
652 1435 874 1520 imaginatione
894 1435 1034 1500 visorum
1061 1447 1119 1511 est,

72 1519 75 1533 ¹
119 1563 189 1604 nam
210 1537 483 1622 istaimaginatio
498 1541 581 1602 nuda
599 1537 668 1614 est,
694 1551 725 1602 et
747 1541 866 1623 absque
882 1539 1005 1602 ratione
1028 1540 1066 1600 ab
1084 1538 1122 1600 iis

119 1643 280 1718 nascitur,
316 1662 396 1723 quae
423 1641 617 1704 extrinsecus
641 1663 698 1706 nos
722 1642 856 1718 feriunt,
881 1664 945 1705 non
968 1641 1123 1705 dissimilis

118 1748 154 1813 iis
171 1766 252 1829 quae
274 1743 416 1806 sensibus
437 1742 679 1828 imprimuntur:
717 1767 755 1808 ae
779 1758 950 1828 propterea
972 1745 1004 1808 in
1031 1743 1123 1808 mutis

120 1847 326 1915 animantibus
359 1845 524 1910 maximam
561 1847 624 1910 vim
660 1849 768 1911 habet.
828 1844 987 1930 Quaedam
1020 1858 1123 1910 autem
1162 1859 1164 1868 ’

121 1965 192 2016 sunt
216 1952 276 2014 alia
297 1971 377 2033 quae
398 1949 490 2012 nobis
520 1948 566 2013 sio
587 1949 750 2028 videntur,
789 1972 975 2033 causamque
1000 1950 1124 2014 cursio

120 2056 210 2120 nobis
238 2055 385 2118 videntur
408 2054 526 2115 habent
551 2075 593 2114 ex
618 2052 740 2116 ratione
773 2066 826 2115 aut
855 2054 946 2116 etiam
975 2075 1015 2116 ex
1044 2054 1125 2116 mala

23 2229 24 2236 ἵ
122 2157 332 2220 collectione:
376 2177 456 2240 qnae
486 2176 579 2218 nemo
608 2167 694 2218 recte
722 2155 961 2240 imaginationes
995 2155 1122 2218 dixerit.

123 2263 185 2342 Qui
209 2261 291 2324 enim
310 2261 353 2323 ob
379 2258 598 2324 collectionem
627 2279 720 2343 quam
747 2262 830 2340 apud
854 2281 888 2324 se
914 2259 1123 2324 consultando

121 2365 214 2440 lacit,
254 2361 371 2446 aliquid
391 2363 566 2444 approbat,
603 2362 672 2444 ipse
689 2352 771 2428 ‘sibi'
789 2361 854 2427 eius
884 2361 1122 2446 approbationis

122 2477 296 2533 causaest.
360 2493 361 2496 ¹
502 2513 505 2520 .

172 2639 174 2646 ,
573 2571 673 2634 XVI.

208 2675 262 2738 Ab
301 2673 362 2738 illis
408 2673 506 2758 igitur
533 2674 601 2756 'qui
641 2674 744 2737 omnia
795 2675 877 2738 Fato
930 2674 1013 2736 aiunt
1055 2673 1127 2735 lieri

123 2798 185 2842 uon
212 2777 347 2859 relinqui
378 2775 554 2840 libertatem
587 2777 700 2861 agendi
725 2780 840 2860 (neque
870 2776 950 2839 enim
972 2777 1005 2838 id
1031 2776 1126 2839 relin-

125 2885 223 2964 quunt
244 2883 331 2964 quod
360 2899 398 2941 an
419 2878 596 2962 relinquant
624 2880 706 2942 inter
736 2901 795 2942 nos
822 2878 1024 2961 disputatur,
1062 2880 1126 2942 imo

126 2997 156 3047 ct
174 2983 332 3048 rationem
357 2994 512 3044 conantur
530 2984 661 3044 reddere
684 3002 741 3044 cur
760 2984 799 3044 ab
824 2982 913 3046 initio
932 2982 1044 3048 idnec
1059 3003 1126 3060 esse

123 3085 265 3170 potuerit
285 3107 387 3170 neque
410 3097 462 3147 aut
477 3106 585 3147 veram
600 3095 736 3164 esseaut
749 3085 948 3166 probabilem
969 3107 1037 3148 eam
1054 3108 1126 3148 caue

123 3213 189 3254 sam
213 3211 306 3272 quam
328 3191 483 3264 reddunt,
519 3209 576 3250 cur
595 3188 708 3252 tollant
729 3188 819 3256 istam
841 3189 1030 3268 libertatem)
1053 3188 1127 3251 satis

122 3303 256 3376 apparet
277 3314 318 3354 ex
334 3294 483 3370 hactenus
507 3289 622 3355 dictis..
653 3293 826 3354 Praeterea
848 3313 926 3355 vero
949 3292 987 3356 iis
1010 3281 1063 3374 qni
1083 3291 1129 3370 sic

123 3409 210 3462 recte
242 3395 431 3469 intellectam
456 3393 632 3456 libertatem
665 3395 781 3460 tollunt
810 3405 840 3456 et
867 3395 931 3458 boc
959 3396 1125 3472 adhaeret,

124 3502 213 3582 quod
239 3497 445 3581 quantumin
473 3496 550 3579 ipsis
579 3510 643 3574 est,
678 3519 814 3562 ‚omnem
845 3497 1004 3561 bominum
1033 3499 1128 3560 vitam

123 3603 319 3668 confundant
336 3605 552 3683 evertantqne.
597 3602 678 3663 Nam
696 3602 722 3663 si
743 3602 804 3680 ita,
822 3613 857 3666 ut
873 3602 1002 3686 volunt,
1025 3625 1058 3664 se
1076 3623 1127 3664 res

124 3707 279 3779 habeant,
304 3725 406 3787 neque
429 3725 540 3768 eorum
564 3704 709 3786 cuiquam
730 3705 854 3768 suaderi
871 3687 978 3788 potest
994 3717 1029 3767 ut
1041 3706 1131 3772 aliter

23 3869 25 3890 ,
125 3821 201 3896 agat
228 3829 323 3898 quam
351 3807 438 3891 agit,
477 3807 567 3890 quasi
600 3808 780 3890 facultatem
805 3811 941 3872 baberet·
961 3817 992 3872 et
1018 3807 1131 3892 agendi
1222 3801 1225 3807 ’

23 3915 24 3944 ³
125 3913 184 3978 ista
221 3924 253 3974 et
289 3932 352 3976 non
374 3911 518 3994 ⁴agendi3
563 3933 664 3996 neque
702 3912 752 3976 alii
784 3912 938 4006 puiquam.
999 3914 1131 3974 'l'antam
1253 3893 1256 3912 ¹
