2804 4762
248 439 290 504 82

247 602 293 696 μὴ
311 605 470 695 γίνεσθαι
490 604 658 690 λέγουσιν,
694 594 734 667 τό
748 590 796 683 δι)
813 590 956 666 Ιτοιαῦτα
978 597 1099 684 λέγειν,
1125 591 1194 673 πῶς
1215 585 1257 659 οὖ

248 704 473 792 ααιζόντωέ
473 729 547 773 στιν
579 705 613 773 ἐν
641 698 681 771 οὗ
708 703 845 781 ααιδιᾶς
873 703 902 784 ⁵)
931 696 1043 787 λόγοις
1073 700 1259 793 δεομένοιςςι

253 809 302 880 Τό
321 807 385 929 γάρ
411 804 498 897 ἡμᾶς
519 804 649 895 ἀγνοεῖν
672 802 768 874 οὐδὲν
787 801 871 892 πρὸς
890 800 929 869 τό
955 796 1085 870 ἐῖναι’“
1062 829 1084 884 η
1105 829 1152 892 μη
1137 798 1261 866 ἐῑναι

248 911 291 982 τά
317 907 515 1036 πράγματα
560 912 655 993 δῆλοι
685 903 751 1000 γάρ
781 910 864 976 ἐισιν
898 909 931 974 οί
963 897 1153 992 Myomc‘
1136 898 1260 984 οὑτως,ι

248 1012 292 1095 άς
315 1017 354 1111 τῇ
384 1011 526 1138 ἡμετέρα
558 1012 708 1104 γνωρίσει
739 1007 779 1078 τό
811 1007 998 1078 δυνατόν”
978 1032 1073 1076 εσται
1101 1001 1169 1074 κατ’
1197 1001 1259 1072 ἀυ·
1272 1027 1274 1032 ’

247 1115 340 1198 τοός·
371 1121 442 1196 τοῖς
469 1113 533 1207 γάρ
558 1109 770 1207 γνωρίζειν
751 1116 859 1183 αυτῶν
882 1110 926 1180 τά
949 1108 1041 1181 ἀίτια
1067 1112 1260 1198 δυναμένοις

249 1216 361 1304 (όάτοι
385 1213 479 1287 δάν
499 1221 560 1286 ίῐεν
583 1221 615 1285 ολ
638 1213 791 1306 μάντεις)
820 1213 881 1285 οὐκ
905 1217 999 1285 ἔσται
1027 1207 1193 1282 δυνατά
1172 1209 1261 1279 αυτόι

249 1329 325 1403 τοῖς·
349 1317 454 1391 εἰδόσι
488 1320 518 1404 ⁶)
550 1316 714 1410 δυνάμενα
750 1324 984 1401 κεκωλυκέναι,
1033 1316 1190 1405 ἀγνοοῦσι
1222 1317 1260 1383 δὲ

249 1423 327 1550 ἡμῖν
348 1424 391 1493 τά
415 1421 583 1493 κωλόουτα
611 1424 658 1505 ⁷),
701 1419 827 1490 δυνατά
853 1422 959 1489 ἔσται.
1022 1416 1195 1502 Σώζοντες
1224 1419 1262 1485 δὲ

249 1528 310 1612 τὴν
337 1531 398 1596 τοῦ
429 1528 573 1595 δυνατοῦ
607 1522 711 1620 φύσιν
745 1521 849 1604 όότως
888 1519 932 1604 ὠς
967 1520 1157 1621 ἐιρηκαμεν,
1205 1518 1262 1589 διά

251 1656 348 1702 τουτο
374 1636 461 1728 φασὶ
483 1632 565 1717 μηδὲ
589 1626 632 1696 τά
660 1623 817 1752 χινόμενα
842 1623 923 1695 καθ’
951 1630 1163 1719 ameum,
1206 1626 1263 1694 καί

255 1761 310 1804 τοι
350 1729 577 1826 ἀνιαραβάτως
612 1727 843 1820 γινόμενα,ε
829 1727 919 1815 ε”ξ
899 1727 1044 1818 ανάγκης
1081 1732 1262 1854 γίνεσθαι,

250 1831 305 1907 ότι
337 1838 426 1906 ἔστιν
465 1832 580 1915 άυτοῖς
615 1833 756 1903 δυνατόν
796 1838 959 1922 γενέσθαι
993 1840 1049 1902 καλ
1089 1831 1130 1901 τό
1172 1830 1263 1902 ἀντι-

252 1942 412 2031 κείμενον,
450 1933 632 2008 δυνατσῦ“
614 1934 719 2018 οότως
743 1934 962 2026 λεγομένου
940 1965 984 2017 ως
1006 1939 1198 2030 προείρηται
1224 1941 1266 2021 ὓ).’

246 2040 355 2112 Ἀλλά
378 2043 486 2111 ταῦτα
510 2049 571 2132 μεν
597 2037 782 2124 παιζόντων
799 2043 846 2124 ⁹),
888 2032 994 2134 όίσιτερ
1018 2043 1125 2124 ε’ῖιιον,
1160 2043 1264 2124 ἐστὶν,

214 2143 218 2154 ’
252 2142 321 2215 ἀλλ’
350 2143 389 2214 οά
411 2149 663 2238 παρισταμένων
686 2147 732 2225 ¹⁰)
757 2139 910 2231 δόγματι.
944 2135 1084 2232 ’Όμοιον
1105 2148 1141 2212 δὲ
1157 2140 1266 2237 τούτῳ

252 2253 309 2318 καὶ
324 2246 364 2317 εδ
382 2253 485 2336 λέγειν
505 2245 544 2314 τό
560 2243 686 2336 ἀξίωμα
704 2249 762 2329 ”),
785 2245 824 2314 τὸ
838 2247 933 2315 ἔσται
951 2243 1068 2339 άόριον
1083 2249 1264 2337 ναυμαχία,

252 2349 383 2435 ἀληθὲς
401 2360 462 2440 μὲν
481 2353 564 2418 ε’ῑναι
578 2345 753 2419 δύνασθαι
764 2402 773 2432 ,
796 2346 834 2417 οὔ
854 2354 968 2439 μέντοι
989 2357 1046 2419 καὶ
1066 2348 1266 2439 ἀναγκαίαν,
1304 2435 1308 2449 χ

253 2451 435 2544 ἀναγκαῖον
448 2461 508 2543 μὲν
521 2450 586 2542 γάρ
601 2449 639 2520 τό
658 2449 708 2520 ἀεὶ
724 2449 872 2538 ἀληθὲς,
894 2455 994 2521 τοῦτο
1011 2457 1048 2521 δὲ
1069 2450 1169 2522 οὐκέτ’
1185 2451 1267 2538 ἀλη-

252 2563 319 2638 θὲς
333 2566 403 2646 μὲν,
420 2554 550 2625 ἐπειδάν
563 2550 593 2624 δ
608 2551 633 2638 ἡ
651 2555 697 2638 ”)
711 2557 879 2646 ναυμαχία
896 2561 1034 2644 γένηται
1050 2554 1180 2641 ἀληθές
1210 2554 1268 2626 Ἔι

253 2658 346 2750 δὲμὴ
360 2663 459 2728 τοῦτο
473 2656 665 2746 ἀναγκαῖον,
687 2656 813 2728 οὐδὲτὸ
828 2656 880 2728 ὑπ’
896 2657 1000 2729 ἀυτσό
1015 2656 1267 2750 σημαινόμενον,

253 2762 292 2831 τὸ
311 2765 345 2847 ἐξ
359 2759 503 2850 ἀνάγκης
523 2763 668 2831 ἔσεσθαι
688 2766 731 2846 ’5)
749 2764 945 2853 ναυμαχίαν.
981 2758 1034 2832 Ἔν
1051 2766 1086 2832 δὲ
1101 2762 1195 2831 ἔσται
1206 2771 1268 2853 μίν

254 2863 314 2935 οάκ
339 2867 374 2949 ἐξ
396 2862 540 2958 ἀνάγκης
564 2861 712 2950 ἀληθὲς,
746 2862 901 2949 ἀληθοῦς
921 2862 1016 2946 ὄντος
1037 2868 1098 2934 τοά
1122 2867 1268 2934 ἔσεσθαι

253 2970 454 3060 ναυμαχίαν,
482 2965 541 3036 οὐκ
560 2969 593 3052 ἐξ
611 2965 757 3057 ἀνάγκης
778 2972 814 3037 δὲ
825 3022 835 3052 ,
865 2972 1074 3059 ἐνδεχομένως
1096 2965 1267 3054 δηλονότι,

139 3099 142 3108 ·
254 3076 283 3142 δι
304 3075 341 3141 δὲ
362 3075 588 3161 ἐνδεχομένως,
619 3069 679 3141 οὐκ
697 3069 884 3164 ἀναιρεῖται
908 3069 948 3140 τό
967 3069 1188 3163 ἐνδεχόμενον,
1225 3065 1271 3152 όίς

254 3201 330 3246 τινα
350 3171 563 3264 γενέσθαι
545 3174 611 3244 υιιό
637 3200 697 3243 σου
722 3171 832 3243 πάντα
858 3179 1011 3262 λέγοντος
1038 3178 1197 3264 γίνεσθαι
1222 3173 1268 3258 ’4)

255 3275 374 3348 καθ’ί
358 3282 563 3408 ειμαρμένην.
605 3275 718 3347 Πάλιν
740 3280 783 3360 ¹⁵)
804 3275 886 3400 χάρ·
883 3285 948 3347 καί
964 3281 1064 3347 τοῦτο
1085 3274 1169 3367 ὁμοῦ
1188 3286 1269 3347 κιαι-

255 3377 414 3465 ζόυτων
399 3387 485 3464 εστὶ,
528 3375 613 3503 ὁμοῦ
636 3377 721 3448 δὲ’
700 3375 921 3468 αγνοοάντων,
959 3388 1032 3474 περι
1056 3370 1100 3449 ὧν
1125 3386 1268 3469 λέγουσι.
1344 3402 1349 3411 ’

250 3481 397 3554 ’θάνε
358 3511 423 3605 γαρ
437 3485 504 3553 πάν
517 3481 557 3550 τὸ
575 3479 645 3565 ἐξ
625 3478 768 3584 ἀνάγκης
788 3479 961 3607 γενόμενον
975 3481 1175 3572 ἀναγκαῖον,
1204 3487 1269 3572 ίίγε

254 3585 295 3656 τό
319 3589 386 3676 μὲν
398 3583 580 3706 ἀναγκαῖον
597 3583 731 3670 ἀίδιον,
763 3585 803 3656 τό
821 3592 857 3657 δέ
879 3584 952 3670 ἐξ’
931 3584 1076 3676 ανάγκης
1098 3584 1271 3676 γινόμενον

255 3685 306 3759 ὑπ’
326 3687 430 3758 ἀυτου
447 3692 519 3758 τοῦ
528 3689 686 3776 γίνεσθαι
709 3693 842 3760 τοιοῦτο
861 3693 945 3759 ἐῐυαι
965 3686 1161 3773 κεκώλυται,
1194 3687 1271 3759 δυ’τε

205 3783 208 3792 ’
255 3790 295 3860 τό
316 3789 497 3879 ἀξίωμα
462 3816 502 3860 το
521 3795 620 3861 τοῦτο
641 3798 736 3881 λε’γου
759 3791 960 3880 ἀναγκαῖον,
996 3794 1059 3879 ε’ίγε
1080 3789 1126 3881 μι)
1148 3789 1187 3859 τό
1213 3787 1266 3860 ὑπ’

256 3892 359 3964 ἀυτοά
380 3890 619 3982 σημαινόμενον
636 3899 779 3967 τοιοῦτο.
817 3892 876 3964 Ὃν
893 3894 959 3988 γάρ
979 3898 1047 3963 ιιᾶν
1068 3890 1212 3983 ἀξίωμα,
1234 3897 1269 3961 ἕν

257 3988 340 4091 ᾧτό
355 3993 537 4084 ἀναγκαῖον
554 4002 752 4089 περιέχεται,
775 3995 960 4086 ἀναγκαῖον
976 3995 1057 4083 ἤδη,
1079 3994 1118 4069 οὐ
1135 3994 1200 4088 γὰρ
1225 3991 1271 4079 ¹⁰)
