2758 4760
250 396 300 482 ιιι

254 557 428 646 σώζεσθαι
454 558 500 634 τὸ,
516 565 618 650 μηδὲν
638 557 794 644 ἀναιτίως
814 559 879 632 τῶν
889 555 1072 654 γινομένων
1095 565 1265 658 γίνεσθαι,

253 674 310 736 καί
324 666 443 736 τούτου
456 661 515 733 τὸν
533 661 657 756 τρόπον
674 662 812 754 ἐχόντων
821 717 832 749 ,
853 662 898 746 ὡς
912 661 1006 755 ἡμεῖς
1027 671 1182 755 λέγομεν,
1203 670 1268 736 τῶν

255 765 468 862 πραγμάτων.
514 765 581 837 ’Ἀν
611 765 676 862 γάρ
704 764 911 858 παυσάμενοι
937 771 997 852 τῆς
1031 765 1177 852 ἁλύσεως
1204 773 1269 840 τῶν

194 931 198 944 .
254 869 368 942 ἀιτίων
402 877 458 941 καί
479 875 552 956 Ιτού
584 881 664 956 τοῖς,
692 867 836 964 πράτοις
868 876 1054 961 γενομένοις
1092 877 1196 962 λέγειν
1235 877 1270 958 ἐξ

254 971 398 1064 ἀνάγκης
419 979 565 1045 ἔπεσθαι
586 972 626 1044 τὸ
645 971 766 1054 ἀιτίοις
790 981 875 1044 τισὶν
896 971 1033 1068 ὄφειλον
1049 975 1209 1062 γίνεσθαι
1230 981 1269 1060 ³),
1290 1019 1292 1023 ·

251 1075 299 1160 ιίς
319 1081 354 1148 έν
372 1080 411 1176 τῇ
429 1075 529 1172 ούσίμ
549 1075 659 1148 ἀυτῶν
674 1075 715 1146 τὸ
736 1075 845 1148 ἀίτιον
864 1083 1085 1171 περιέχουσιν,
1115 1076 1182 1148 ἀπὸ
1203 1083 1270 1150 τῶν

255 1186 433 1272 γινομένων
457 1207 491 1252 τε
523 1188 579 1252 καὶ
604 1179 749 1270 ὑστέρων
780 1177 840 1266 τὴν
861 1178 1024 1250 ἀπόδοσιν
1058 1182 1123 1252 τῶν
1154 1179 1269 1254 ἀιτίων

253 1282 437 1376 ποιώμεθα
442 1336 454 1368 ,
475 1285 523 1353 ἔτι
538 1310 573 1354 τε
589 1287 654 1354 τῶν
674 1287 852 1373 γινομένων
866 1287 982 1378 κυρίοις
999 1287 1141 1376 ζητῶμεν
1159 1280 1189 1369 4)
1207 1283 1269 1368 τὰς

252 1387 382 1471 ἀιτίας,
425 1383 501 1457 ίύτε
525 1385 682 1468 ἀναιτίως
709 1413 743 1462 τι
769 1388 834 1455 τῶν
866 1392 1046 1478 γινομένων
1074 1385 1268 1476 γενήσεται,

254 1488 330 1568 dixe
350 1489 408 1561 διά
430 1493 530 1560 τοῦτο
555 1492 589 1574 ἐξ
608 1487 754 1579 ἀνάγκης
781 1487 863 1558 καθ’
894 1493 1092 1584 ἑιμαρμένην
1112 1489 1271 1576 τοιαύτην

251 1592 425 1666 πάντοθεν
449 1590 618 1684 γινόμενον
638 1592 743 1664 ἔσται.
784 1588 864 1662 Ὀυκ
890 1595 924 1677 ἐξ
947 1590 1093 1683 ἀνάγκης
1119 1593 1270 1688 μὲνγὰρ

252 1697 272 1770 6
293 1700 538 1793 Σωφρονίσκος
559 1699 589 1782 ⁵)
614 1699 660 1794 τῷ
681 1701 765 1768 ε’ῐναι
789 1695 853 1781 ἤδη
874 1703 939 1774 Ικαί
962 1695 1073 1791 πατὴρ
1094 1698 1189 1768 ἔσται
1213 1705 1270 1772 καί

252 1799 361 1883 ἀίτιός
392 1826 459 1872 τινι
487 1803 552 1876 τῶν
578 1798 645 1891 μετ’
677 1797 790 1871 ἀυτόν.
852 1797 904 1870 'Ec
933 1805 1048 1890 μέντοι
1081 1797 1271 1896 Σωκράτης

253 1908 301 1990 έίη
324 1907 357 1990 ἐξ
384 1900 544 1993 ἀνάγκης,
580 1902 672 1998 ἀντῷ
698 1905 758 1988 τῆς
785 1907 938 1992 γενέσεως
965 1906 1210 1998 Σωφρονίσκος
1237 1908 1272 1990 ἐξ

202 2087 203 2094 ¹
253 2005 400 2099 ἀνάγκης
431 2004 548 2088 ἀίτιος.
600 2002 661 2088 Ὡς
688 2004 755 2100 γάρ
783 2008 944 2096 θεμελίου
967 2004 1063 2087 ’σ’ντος
1083 2005 1144 2076 οὐκ
1165 2005 1270 2098 ἀναγ-

252 2120 350 2184 καῖον
360 2110 473 2182 οἰκίαν
493 2113 672 2198 γενέσθαι,
695 2107 803 2190 οἰκίας
823 2105 914 2178 δ”
875 2134 977 2195 ουσης
997 2113 1271 2203 προκαταβεβλῆ·

254 2223 348 2288 σθαι
360 2212 418 2285 τὸν
433 2218 595 2303 θεμέλιον
609 2209 703 2297 ⁵2)
682 2209 842 2334 ανάγκη,
852 2208 958 2292 ὁύτως
971 2213 1063 2334 6226,
1065 2209 1273 2297 ὑποληπτέον

252 2328 309 2392 και
330 2323 365 2389 ἐν
384 2324 454 2397 τοῖς
475 2319 660 2404 γινομένοις
681 2311 783 2408 φύσει
804 2313 849 2383 τά
869 2312 962 2384 άίτια
990 2313 1188 2440 ἐξάνάγκης
1210 2315 1283 2386 ούιε

253 2423 368 2503 ἀυτοῐς
388 2415 532 2514 πρώτοις
554 2418 585 2501 6)
607 2414 681 2500 ἐξ
607 2415 808 2507 εανάγκης
824 2410 983 2546 ἑπόμενον
997 2417 1036 2488 τὸ
1051 2417 1172 2500 ἀπίοις
1187 2424 1272 2492 ε’ῑναι

250 2528 364 2610 τινῶν,
401 2520 490 2594 ἀλλά
517 2527 589 2601 τοῖς
616 2517 768 2613 ὑστέροις
794 2527 981 2611 γινομένοις
1008 2521 1048 2591 τὸ
1070 2521 1144 2607 έξ’
1124 2520 1272 2626 ἀνάγκης

254 2633 390 2722 ἔχειντί
411 2651 475 2698 των
496 2621 561 2716 πρὸ
582 2620 691 2692 ἀυτῶν
709 2621 826 2694 ἀίτιον
860 2621 957 2694 Εστι
979 2629 1016 2695 δέ
1036 2651 1112 2696 τινα
1133 2652 1198 2700 των
1219 2656 1272 2716 γι-

252 2737 395 2825 νομένων
417 2735 473 2798 καὶ
494 2728 660 2810 τοιαῦτα,
682 2723 725 2808 ὡς
747 2727 829 2818 ἔχειν
850 2725 951 2818 μέν’
931 2724 1039 2798 αίτιόν
1060 2755 1094 2797 τι
1115 2723 1192 2814 ⁶‚,a)
1230 2729 1272 2802 ού

368 2832 377 2854 ³
565 2828 575 2852 θ
775 2828 782 2848 Ι
1190 2835 1197 2852 ε

185 2973 187 2982 ⁴
255 2947 376 3031 λέγειν,
405 2929 732 3026 κατὰσυμβεβηκός.
770 2928 810 3006 Ὁ
830 2933 897 3027 γάρ
919 2937 1069 3028 ἕνρεθείς
1089 2936 1273 3031 θησαυρὸς

248 3041 322 3118 υπὸ
351 3044 411 3113 τοῦ
443 3039 501 3110 διὰ
529 3036 567 3121 τὸ
600 3033 755 3132 φυτεύειν
783 3035 1008 3119 σκάπτοντας,
1044 3040 1107 3128 ἔχει
1135 3048 1195 3128 μέν
1229 3039 1272 3110 τὸ

249 3144 412 3218 σκάπτειν
433 3142 561 3225 ἀίτιον,
597 3139 636 3212 ού
664 3139 730 3228 μὴν
758 3137 899 3224 οἰκεῖον,
934 3137 1011 3210 οὐδὲ
1033 3139 1205 3230 γενόμενον
1227 3141 1269 3213 δι’

250 3247 372 3322 ἀυτόν·
393 3245 517 3337 τὰμὲν
537 3244 602 3339 γάρ
625 3247 743 3338 κυρίοις
763 3240 878 3325 ἀίτια,
899 3239 969 3327 ίίέξ
989 3241 1135 3332 ἀνάγκης
1154 3241 1271 3333 μόνον,

252 3354 296 3438 τίς
316 3351 449 3433 τούτοις
476 3355 569 3420 δοκεῖ
572 3402 582 3433 ,
613 3354 674 3418 καίΙ
699 3344 742 3426 τίς
770 3349 822 3416 ἐπὶ
850 3342 890 3414 τὸ
917 3344 1003 3419 πολὺ
1025 3343 1189 3436 ἑπόμενον
1203 3350 1270 3438 ἔχει

253 3458 292 3530 τὸ
320 3456 428 3528 ἀίτιον
455 3454 505 3539 8)·
548 3450 593 3522 τά
619 3455 655 3521 δὲ
683 3446 771 3519 κατὰ
806 3447 1017 3538 συμβεβηκὸς
1045 3446 1149 3532 ὁύτως
1176 3449 1270 3538 ἀίτια

252 3565 401 3684 σπανίως
417 3562 543 3649 γίνεται
563 3554 607 3624 τά
627 3549 787 3630 τοιούτων
807 3551 917 3637 ἀίτια,
954 3546 1036 3626 ὥστε
1058 3559 1131 3640 τοῖς
1149 3557 1271 3625 τούτου

251 3666 311 3737 τὸν
331 3661 457 3760 τρόπον
478 3666 629 3750 λέγουσιν
652 3649 724 3782 ἅμα
743 3665 844 3748 μέν
834 3662 946 3778 ἕπεται
974 3655 1014 3726 τὸ
1042 3655 1193 3777 μηδέν’
1164 3683 1270 3726 ανατ-

252 3773 327 3851 τίως
348 3769 508 3859 γίνεσθαι
530 3755 696 3886 λέγειν,“’
673 3791 745 3852 αμα
766 3765 803 3831 δὲ
825 3758 864 3828 τὸ
886 3757 999 3844 σώζειν
1020 3756 1076 3840 τό,
1106 3786 1140 3828 τε
1155 3758 1221 3842 9)
1200 3760 1269 3830 απὸ

252 3871 360 3966 τύχης
373 3879 429 3943 καί
451 3863 643 3959 ἀυτσμάτου
664 3865 821 3954 γίνεσθαί
843 3889 918 3936 τινα
940 3866 1005 3948 ⁰),
1027 3870 1093 3934 καί
1104 3866 1192 3938 εῖναι
1212 3869 1270 3938 καί
