2728 4758
114 547 145 600 et
162 535 275 600 Iovem
300 535 515 620 appellamus:
543 536 611 598 Nec
637 535 718 598 enim
740 538 848 600 eadem
872 547 988 600 temere
1010 539 1111 602 domi-

113 652 204 706 natus
240 640 331 704 simul
363 649 394 704 et
434 637 569 704 servitus
604 639 676 702 erit.
732 639 766 702 Si
793 640 860 724 quis
890 662 969 704 vero
996 661 1038 703 ex
1072 662 1111 708 eo

113 741 319 812 deliniendam
345 741 461 806 iudicet
488 741 671 806 servitutem
699 755 752 808 aut
776 743 969 820 libertatem,
1007 757 1113 813 utrum

113 846 182 930 quis
212 846 346 930 imperio
375 845 476 910 subsit
505 867 543 908 an
570 845 692 922 minus,
730 863 794 910 non
820 848 922 912 solum
950 848 1112 912 hominum

110 971 225 1028 nemo,
264 953 319 1014 sed
346 971 386 1014 ne
415 949 559 1012 Deorum
587 949 713 1030 quidem
746 949 910 1033 quisquam
939 951 1020 1014 liber
1052 951 1112 1015 erit

109 1065 239 1136 praeter
264 1055 396 1118 Iovem:
434 1051 501 1116 aliis
533 1049 677 1116 nimirum
708 1051 843 1144 aliorum
874 1054 1008 1135 imperio
1037 1057 1113 1136 sub-

108 1155 199 1220 iectis
221 1158 363 1241 adeoque
382 1155 612 1230 servientibus,
648 1154 792 1218 omnibus
816 1167 935 1233 autem,
966 1157 1038 1222 inde
1059 1179 1113 1222 us·

110 1281 211 1344 quea
232 1260 321 1337 Diis,
344 1259 527 1342 parentibus
549 1257 707 1322 communi
727 1257 854 1350 domique
869 1258 956 1324 Iovi.
1000 1262 1113 1345 Neque

49 1417 52 1422 ,
108 1374 215 1426 tamen
246 1364 378 1428 molesta
408 1384 543 1446 prorsus
567 1362 653 1426 foret
681 1363 744 1424 hoe
770 1364 866 1424 modo
899 1362 1035 1426 servitus
1061 1377 1114 1428 aut

108 1465 271 1551 fugienda.
317 1468 398 1530 Nam
424 1466 453 1530 si
480 1467 568 1529 bono
597 1464 731 1528 servitus
759 1487 824 1528 non
857 1466 968 1538 solum,
981 1459 1116 1530 molesta

109 1589 174 1632 non
199 1581 263 1646 est,
288 1572 343 1634 sed
369 1582 399 1632 et
425 1568 552 1650 expedit
574 1579 604 1632 et
624 1569 744 1650 placet,
770 1571 877 1632 eadem
899 1552 999 1634 videri
1020 1573 1114 1634 debet

107 1670 146 1736 iis
177 1673 232 1756 qui
255 1672 316 1754 ipsi
337 1674 425 1738 bono
450 1672 603 1736 servitmt.
648 1672 723 1735 Non
754 1671 834 1736 enim
856 1671 917 1736 nisi
935 1673 1027 1738 bonis
1048 1673 1113 1738 frui

101 1774 251 1858 poterit,
282 1775 342 1859 qui
365 1777 453 1840 bono
474 1774 606 1838 serviat.
650 1775 747 1855 Quod
769 1773 886 1860 siquis
912 1775 965 1840 illa
990 1777 1113 1841 ratione

106 1900 175 1944 non
194 1878 322 1942 definiat
347 1879 530 1942 servitutem
550 1889 580 1939 et
600 1877 795 1954 libertatem,
813 1881 886 1941 ¹sed
908 1879 968 1942 hae
992 1881 1110 1962 potius,

107 1994 209 2065 prout
227 1981 298 2065 quis
315 1982 368 2044 vel
389 1980 609 2064 prohibeatur,
633 1980 685 2042 vel
702 2001 767 2044 non
781 1981 988 2063 prohibeatur
1003 1982 1113 2062 vivere

107 2097 144 2147 ut
164 2084 249 2159 vult,
288 2083 365 2146 velit
385 2095 489 2161 autem
510 2081 724 2166 unusquisque
742 2083 822 2146 felix
847 2104 915 2146 esse
936 2095 968 2146 et
990 2086 1111 2161 beatus,

108 2199 262 2270 sequetur
284 2185 475 2271 quemlibet,
511 2184 563 2248 cui
580 2185 661 2248 bene
676 2196 741 2261 est,
776 2184 909 2248 liberum
932 2207 1022 2262 esse,
1048 2187 1114 2250 sive

107 2292 169 2354 sub
191 2289 325 2372 imperio
357 2289 423 2354 sive
452 2290 570 2372 absque
596 2290 707 2352 eodem
739 2290 819 2376 bene
848 2301 933 2375 agat.
978 2289 1114 2354 Viveret

106 2393 190 2458 enim
212 2405 246 2456 ut
265 2394 379 2456 vellet:
404 2405 518 2456 contra
545 2412 624 2454 vero
650 2391 806 2455 infelicem
827 2414 929 2476 neque
950 2391 1058 2456 vivere
1079 2405 1115 2456 nt

108 2495 206 2575 velit,
242 2514 302 2560 nec
322 2496 457 2579 proinde
483 2495 616 2560 liberum
641 2503 724 2557 e'sse.
767 2495 831 2558 Sed
854 2495 995 2560 infelices
1024 2496 1114 2560 aliter
1166 2527 1168 2534 >

105 2600 251 2664 homines
273 2609 445 2675 nunaunt,
469 2596 529 2662 nisi
547 2597 602 2668 ubi
622 2597 696 2660 mali
721 2595 850 2664 fuerint.
895 2600 988 2684 Ergo
1010 2620 1112 2683 neque

74 2755 75 2758 ,
106 2701 275 2788 quisquam
298 2702 385 2766 volet
408 2702 506 2764 malus
528 2700 616 2777 lieri,
648 2698 800 2784 siquidem
818 2721 878 2764 nee
898 2701 1009 2765 infelix
1031 2723 1110 2778 esse,

106 2807 165 2869 sed
203 2806 276 2868 mali
307 2804 397 2868 inviti
426 2783 644 2888 delinquent,l
669 2823 771 2887 neque
800 2805 956 2867 malorum
982 2803 1113 2889 quisque

105 2909 291 2984 liberarit,
315 2911 371 2972 sed
397 2906 457 2971 soli
479 2905 556 2970 boni
580 2904 752 2988 probique.
795 2905 851 2970 Dii
867 2928 948 2970 vero
967 2908 1111 2989 puniunt,

104 3033 174 3076 non
200 3023 235 3074 nt
262 3029 381 3093 poenas
402 3009 486 3092 ipsas
517 3006 577 3070 sibi
607 3007 799 3072 constituant
830 3007 947 3086 finem,
986 3024 1040 3074 aut
1075 3035 1115 3076 eo

106 3126 299 3184 convertant
321 3117 473 3189 animum,
509 3113 564 3174 sed
589 3123 623 3174 ut
648 3111 760 3174 delicta
783 3111 960 3197 corrigant.
1006 3116 1113 3197 Quan-

106 3216 280 3299 doquidem
310 3217 391 3280 enim
420 3215 490 3280 fieri
522 3238 586 3279 non
620 3221 767 3297 poterat,
816 3226 852 3278 ut
883 3238 1017 3298 prorsus
1050 3240 1115 3288 non

105 3330 256 3404 peccaret
270 3319 393 3394 bomo,
419 3318 472 3400 qui
493 3318 536 3381 ita
553 3331 620 3382 erat
645 3329 847 3400 comparatus
873 3331 967 3403 atque
993 3342 1011 3383 e
1034 3319 1113 3384 divi-

105 3405 150 3486 ria
169 3434 200 3484 ct
222 3423 338 3484 caduca
360 3418 478 3485 natiuis
500 3420 713 3508 compositus,
748 3423 814 3484 sed·
832 3422 967 3486 debebat
989 3423 1114 3506 quidem

107 3526 277 3610 aliquando
303 3525 474 3590 secundum
499 3522 532 3584 iu
553 3526 639 3606 quod
668 3535 736 3588 erat
762 3523 794 3587 in
822 3522 893 3608 ipso
916 3524 1054 3600 divinum
1076 3531 1116 3593 acl

56 3637 59 3646 ’
108 3640 267 3713 cognatae
304 3640 433 3692 naturae
463 3624 667 3692 imitationem
701 3628 871 3705 excitatus,
910 3631 992 3693 hene
1019 3653 1113 3716 agere

109 3731 284 3815 vivereque
316 3734 424 3809 beate,
464 3729 621 3794 interdum
652 3749 730 3794 vero
765 3753 784 3794 a
819 3743 929 3796 natura
963 3736 1111 3816 abreptus

57 3833 60 3837 ’
109 3835 241 3898 mortali
270 3835 331 3899 alio
364 3837 500 3919 quodam
532 3830 672 3896 subsidio
706 3830 818 3896 iuvari.
884 3837 976 3900 Hane
1013 3836 1113 3919 ipsam

109 3937 342 4002 correctionem
371 3937 424 4003 Dii
448 3953 620 4022 poenarum
650 3957 710 4020 ope
733 3937 922 4020 effecerunt,
959 3952 993 4004 ut
1014 3940 1111 4006 borno
