2804 4762
254 495 290 537 lv

255 644 337 719 sero
365 641 524 748 eximiae
545 639 773 715 humanitati
800 667 842 714 ac
868 640 1160 718 benevolentiae
1184 641 1256 716 Th.

255 763 306 834 D.
334 759 488 836 Blochii
518 759 639 834 istius¹
657 759 922 836 Bibliothecae
955 755 1155 860 praefecti,
1191 761 1259 862 qui

254 880 316 956 vir
341 879 580 954 doctissimus
611 903 657 954 ex
684 879 862 970 Sallustio
886 880 1118 980 philosopho
1149 908 1168 953 a
1196 903 1259 956 mc

256 999 359 1075 edito
397 1000 503 1073 haud
540 1025 692 1098 prorsus
731 998 919 1104 sinistram
952 999 1176 1098 opinionem
1212 1000 1261 1075 de

253 1120 382 1193 futura
394 1117 603 1194 Alexandri
619 1116 787 1192 editione
804 1117 1043 1218 concipienS‚
1069 1121 1171 1192 ultro
1188 1143 1260 1193 nec

257 1238 430 1339 opinanti
459 1237 557 1312 mihi
589 1236 693 1310 misit
719 1238 794 1310 hoc
816 1264 957 1311 munus
982 1237 1261 1334 gratissimum,
1334 1336 1337 1341 Ι
1368 1219 1372 1226 ’

231 1441 233 1446 ,
255 1369 293 1434 ct
307 1385 508 1457 nunquam
526 1355 834 1431 intermoriturae
860 1357 1050 1432 amicitiae
1073 1370 1261 1434 tesseram.

253 1477 322 1551 Est
346 1478 426 1550 scil.
451 1476 515 1548 hic
546 1473 679 1549 Codex
700 1476 920 1550 chartaceus
942 1476 1109 1576 optimae
1133 1490 1261 1572 notae,

254 1595 466 1671 accuratius
497 1593 706 1693 descriptus
742 1619 765 1668 a
794 1595 856 1668 Fr.
892 1597 1078 1672 Miintero
1114 1595 1155 1670 in
1189 1596 1263 1670 Mi-

257 1714 455 1791 scellaneis
473 1713 761 1808 Havniensibus
786 1713 1015 1812 Theologici
1033 1728 1071 1790 et
1092 1714 1264 1788 Philolo-

254 1834 372 1932 logioi
413 1832 647 1930 argumenti,
699 1845 737 1908 et
771 1833 944 1908 continet
981 1834 1087 1910 varia
1123 1833 1263 1934 scripta

254 1954 521 2056 philosophica
550 1954 623 2026 hac
652 1952 758 2027 serie.
803 1953 839 2052 1)
860 1953 1014 2028 Ioannis
1033 1954 1265 2030 Damasceni
1338 2051 1342 2061 ¹

253 2082 441 2176 κεφαλαῖοι
460 2073 696 2175 φιλοσοφικά.
716 2072 754 2168 a)
768 2079 859 2178 περὶ
876 2080 1053 2152 ἑκουσίου
1071 2081 1136 2152 καὶ
1153 2075 1263 2154 ἀκου-

254 2205 343 2278 σίου
377 2209 534 2272 auctore
560 2193 834 2268 Neo-Graeco
859 2192 991 2292 aliquo
1012 2195 1133 2276 seculi
1157 2197 1266 2277 XVI.

181 2306 187 2315 ¹
239 2317 425 2398 extremi.
450 2314 491 2411 3)
517 2311 727 2387 Alexandri
752 2310 1061 2412 Aphrodisiensis
1086 2321 1176 2418 περὶ
1201 2315 1265 2394 τύ-

251 2466 326 2545 χης
351 2442 415 2516 καὶ
441 2440 671 2540 ἑιμαρμένης
696 2429 833 2530 Capita
850 2431 901 2504 ΙΙ.
928 2456 976 2506 ex
994 2433 1075 2508 eius
1091 2436 1191 2510 libro
1211 2437 1262 2510 II.

254 2563 304 2638 de
336 2559 474 2635 anima.
532 2555 573 2649 a)
612 2551 799 2626 Eiusdem
836 2553 935 2655 πρὸς
971 2553 1264 2663 ἀοτοκράτορας

252 2686 346 2786 περὶ
372 2683 597 2782 ἑιμοιομέιης
616 2674 771 2754 καὶτοῦ
790 2673 843 2773 ἐφ’
867 2675 968 2777 ἡμῖν.
1014 2675 1053 2772 5)
1079 2676 1265 2754 Eiusdem

255 2809 416 2905 σχολίων
437 2803 607 2900 φυσικῶν
632 2795 807 2902 ἀποριῶν
824 2801 888 2872 καὶ
904 2795 1047 2874 λύσεων
1068 2803 1211 2897 βιβλίον
1227 2805 1263 2898 β.

257 2924 351 3025 Cap.
370 2921 551 3002 II·XVI.
576 2918 731 2994 tandem
755 2928 948 3016 postremo
975 2919 1083 2994 loco:
1121 2917 1161 3017 6)
1180 2915 1263 3000 Σο-

254 3045 406 3147 νιιγωγη
432 3035 510 3122 τῶν
540 3037 855 3138 ἀναγκαιοτάτων
881 3034 1092 3142 ἐξηγήσεων
1115 3047 1168 3135 εἰς
1193 3044 1267 3146 τὴν

253 3164 462 3273 ῥητορικὴν
489 3165 567 3241 τῶν
592 3161 867 3238 ἀποδοθεισῶν
891 3162 972 3247 ὑπὸ
988 3168 1068 3242 τῶν
1078 3189 1265 3268 χριστια-

254 3293 331 3370 νῶν
357 3284 548 3391 ἐξηγητῶν
581 3287 644 3360 καὶ
672 3275 867 3382 Ἑλλήνων
901 3279 1088 3377 (Scholia,
1106 3283 1150 3360 in
1182 3284 1267 3362 Ari-

255 3408 403 3484 stotelis
427 3402 675 3480 Rhetoricam
704 3425 803 3498 quae
832 3401 965 3478 eadem
985 3401 1167 3489 videntur
1187 3430 1268 3484 esse
1311 3477 1315 3484 .

258 3555 350 3604 cum
362 3527 433 3621 iis,
460 3545 559 3622 quae
580 3522 674 3622 1539
692 3519 828 3596 Parisis
844 3547 980 3598 excusa
992 3521 1150 3599 fuerunt
1167 3524 1266 3626 typis

259 3645 431 3722 Conradi
453 3640 665 3737 Neobarii).
714 3640 900 3750 Eiusdem
924 3640 1080 3718 Blochii
1104 3644 1266 3720 eximiae

151 3825 152 3828 ,
257 3761 488 3842 humanitati
509 3779 547 3837 et
571 3760 760 3841 amicitiae
787 3761 909 3836 debeo
941 3763 1019 3834 duo
1052 3762 1191 3862 Capita
1216 3763 1267 3840 dc

258 3885 431 3962 Fortuna
460 3894 498 3958 ct
523 3881 618 3956 Fato
646 3907 693 3958 ex
718 3879 853 3959 eodem
881 3880 1025 3956 Codice
1052 3882 1267 3958 Havniensi
1332 3901 1334 3905 ·

259 4015 435 4082 accurate
456 4001 641 4104 exscripta
665 4028 743 4082 una
769 4027 858 4078 cum
884 4001 1065 4079 varietate
1089 4002 1266 4082 lectionis
1292 3987 1295 3994 ’
1338 4097 1340 4104 Ι
