2758 4760
194 388 328 472 ,εει

265 552 337 623 ύῖόν
358 580 391 622 τε
414 549 471 621 τὸν
491 549 573 620 καθ’
598 547 702 644 ὁρμὴν
724 556 764 631 ¹¹)
791 552 983 638 ἐνεργοῦντα
1005 547 1050 640 μὴ
1073 547 1277 618 ἀκολουθεῖν

264 655 395 737 τούτοις
432 662 502 734 τοῖς
533 651 670 736 ἀιτίοις,
712 651 774 721 καῖ
797 653 856 736 τὴν
884 651 996 722 ἀντίαν
1024 651 1084 735 τὴν
1110 653 1144 734 ἐξ
1172 648 1278 720 ἀστοῦ

262 758 392 840 πάντως
420 760 551 836 ἐκείνοις
579 753 754 824 συνάπτειν
783 755 846 838 ¹²‚)
882 750 926 836 ἀς
953 781 987 824 τε
1017 753 1093 823 οὐδὲ
1121 751 1180 823 τὸν
1209 749 1284 838 ἀπὸΙ

261 857 372 958 ύψους
392 860 525 982 ἀφέντα
543 862 646 928 λίθον
666 857 712 946 μη
734 854 823 926 κάτω
847 857 1071 952 φέρεσθαι,
1057 855 1079 941 6
1100 855 1159 940 τὴν
1173 861 1278 952 σφαῖ-

262 991 326 1058 ραν
352 962 439 1033 κατὰ
466 965 525 1032 τοῦ
552 966 705 1085 πρανοῦς
728 959 774 1049 μὴ
803 964 983 1030 κυλίεσθαι
1012 966 1054 1044 ¹3)
1082 957 1276 1054 ἀφεθεῖσαν
1320 1019 1322 1023 .

217 1071 224 1083 ’
262 1095 325 1137 κατ
356 1065 476 1149 ἀστοῦ,
498 1069 547 1146 τίς
568 1067 615 1134 ἑτι
634 1065 729 1154 χρεία
750 1059 880 1152 νόμων;
903 1060 946 1143 ὡς
966 1062 1030 1156 γὰρ
1054 1059 1072 1130 6
1095 1066 1197 1152 λίθος
1215 1060 1277 1132 ούκ

260 1167 386 1240 ἀν’ύπὸ
407 1174 467 1238 τοῦ
488 1174 641 1257 λέγοντος
661 1165 707 1257 μὴ
729 1171 796 1234 δεῖν
817 1163 906 1234 κάτω
922 1171 1093 1261 φέρεσθαι
1107 1168 1292 1250 κωλυθείη

260 1271 330 1342 ποτ’
355 1269 405 1358 ἀν,
429 1273 475 1366 τῷ
497 1268 599 1351 ἀστός
620 1297 654 1338 τε
675 1269 734 1353 τὴν
756 1265 858 1363 φύσιν
879 1272 962 1338 έῖναι
984 1272 1134 1348 τοιοῦτος
1146 1266 1221 1362 ,τά
1242 1295 1277 1338 τε

259 1379 384 1460 ἔξωθεν
405 1372 498 1444 ἀίτια
520 1376 602 1464 ἔχειν
629 1369 771 1465 σύνεργα
799 1370 881 1463 πρὸς
909 1374 1006 1453 τούτο
1018 1425 1028 1456 ,
1064 1367 1168 1452 ὁύτως
1197 1369 1276 1440 οὐδὲ

259 1477 350 1570 ἡμῶν
370 1505 422 1558 τις
442 1478 598 1559 πεισθείη
619 1473 689 1544 ποτ’
714 1473 755 1543 ἀν
784 1471 870 1568 λόγῳ
886 1472 921 1564 μ’)
949 1471 1038 1568 νόμῳ
1068 1473 1176 1554 ἄλλως
1204 1471 1277 1558 ἀξι-

260 1585 351 1654 ούντι
371 1576 543 1673 πράττειν,
577 1575 671 1670 παρά
692 1574 750 1660 τὴν
777 1581 841 1646 τῶν
868 1576 1089 1670 περιεστώτων
1117 1574 1277 1666 ἀνάγκην.
1344 1665 1347 1672 ‚

263 1683 309 1754 06
331 1681 396 1811 γάρ
418 1687 516 1751 πλέον
537 1709 570 1752 τι
590 1677 668 1803 ἡμῖν
690 1683 724 1748 έκ
751 1683 811 1748 τοῦ
839 1685 983 1750 συνιέναι
1015 1682 1079 1749 τάν
1108 1692 1276 1774 προςταω

258 1793 403 1877 σομένων
430 1782 494 1853 ίπὸ
523 1787 587 1852 τῶν
618 1781 744 1874 νόμων,
779 1785 890 1873 έχουσι
912 1787 1277 1928 προκαταβεθλημένας

169 2084 172 2089 ¹
255 2019 306 2075 κη.
345 1987 455 2061 θύτω
485 1987 569 2058 δὲ
549 1986 708 2083 αναιροῖῖ
739 1987 781 2058 ἀν
802 1987 841 2056 τὸ
863 1992 899 2056 ἐκ
927 1991 991 2058 τῶν
1018 1986 1127 2117 νόμων
1152 2015 1273 2084 χρησι·

255 2120 335 2184 μου,
358 2095 420 2182 ε’ίγε
442 2098 473 2163 οἱ
495 2102 555 2183 μέν
576 2090 673 2182 νόμοι
693 2098 924 2184 προςτακτικοὶ
944 2096 1003 2216 μέν
1024 2095 1088 2160 ἐισι
1109 2097 1174 2162 τῶν
1196 2122 1274 2164 ποι·

224 2227 227 2238 *
255 2202 376 2281 ητέων,
398 2194 653 2289 ἀπαγορευτικοι
674 2198 709 2262 δὲ
731 2197 795 2263 τῶν
816 2192 855 2263 οὐ
876 2199 1055 2290 ποιητέων,
1077 2194 1137 2284 ούχ
1158 2201 1273 2268 ἕπεται

241 2302 351 2370 νδὲ
312 2329 350 2396 τγ
371 2302 435 2369 τῶν
447 2296 565 2420 γόμων
585 2294 818 2390 προςτάξει
784 2323 824 2364 το
856 2294 938 2366 καθ
974 2293 1079 2390 ὁρμὴν
1106 2295 1272 2388 14)·“ημοῖς

255 2407 407 2495 ἐνεργεῖν,
445 2394 528 2469 ὅταν
555 2397 598 2467 τὰ
626 2401 827 2529 περιεστῶτα
847 2396 939 2475 ἀίτια
961 2399 1034 2483 ἐξ
1015 2398 1160 2490 ανάγκης
1180 2401 1272 2495 ἡμᾶς

255 2502 299 2574 ἐπ
325 2499 412 2573 ἀλλά
432 2529 508 2572 τινα
529 2504 601 2598 κινῇ
622 2529 655 2571 τε
677 2509 733 2570 και
755 2507 858 2623 φέρη.
886 2499 1146 2625 Ἀναιρουμένου
1162 2511 1197 2576 δέ
1213 2510 1273 2580 ὃιά

254 2605 314 2692 τὴν
335 2602 492 2690 τοιαύτην
524 2609 738 2734 ίιμρρμένην
749 2608 809 2672 τοῦ
839 2601 905 2673 ἀπὸ
934 2607 998 2674 τῶν
1025 2605 1135 2702 νόμων
1151 2615 1271 2704 χρησί

253 2737 336 2833 μρν,
365 2705 542 2801 ἀναιροῖνῖ
566 2705 607 2776 ἀν
628 2714 683 2776 καὶ
706 2711 738 2774 οἱ
757 2703 866 2796 νόμοι
913 2708 953 2776 Τί
980 2708 1044 2808 γὰρ
1056 2709 1195 2842 ὄφελος
1223 2720 1271 2800 ¹5)

254 2808 379 2902 νόμων,
411 2809 461 2891 ὁῖς
482 2812 673 2880 πείθεσθαι
694 2809 754 2892 τὴν
775 2808 962 2892 ἐξουσίαν
944 2811 1010 2881 υπὸ
1032 2817 1090 2897 τῆς
1111 2820 1270 2911 ἑιμαρμέ

254 2940 311 2998 νης
327 2911 593 3042 ἀμηρήμεθας
595 2912 655 2983 ούκ
682 2913 750 3006 ἀρα
778 2916 825 3005 τῷ
851 2910 1007 3000 τοιαύτην
1035 2920 1174 2988 ἐῖναι
1139 2947 1200 3005 την
1221 2926 1269 2992 ἔι-

253 3022 420 3110 μαρμένην
442 3021 554 3086 ἕπεται
574 3015 613 3084 τὸ
635 3011 736 3107 νόμον
763 3019 863 3099 έῖναι,
899 3020 1029 3088 ἐναντία
1057 3019 1122 3115 γάρ
1151 3027 1269 3115 ἕιμαρ-

253 3125 333 3210 μένη
362 3146 396 3189 τε
425 3126 480 3189 καί
508 3116 629 3248 νόμος,
672 3121 734 3206 έίγε
763 3115 782 3186 ὁ
810 3127 870 3208 μὲν
897 3117 998 3210 νόμος
1028 3126 1269 3218 προςτακτικός

253 3227 323 3292 ἐστι
344 3225 407 3293 τῶν
428 3227 596 3317 πρακτέων
617 3249 652 3291 τε
673 3229 729 3290 καὶ
749 3220 812 3310 μὴ,
835 3218 877 3302 ὦς
891 3226 954 3294 τῶν
967 3225 1179 3318 πραττόντων
1193 3237 1267 3314 ιες)

253 3323 479 3417 δυναμένων
460 3352 548 3395 αυτω
533 3327 760 3394 πείθεσθαι
782 3322 960 3410 κελεύοντι,
982 3328 1033 3397 διὸ
1055 3339 1112 3399 και
1125 3331 1204 3414 τοὺς
1217 3333 1266 3425 μὴ

252 3425 517 3518 πειθομένους
496 3457 539 3508 ως
560 3423 812 3522 ἁμαρτάνοντας
833 3431 959 3519 ζημιοῖ,
988 3457 1089 3521 τιμων
1102 3439 1180 3516 τούς
1194 3465 1266 3507 πει-

252 3531 464 3652 θομένους“
443 3560 486 3612 ως
503 3527 808 3624 κατορθοῦντας,
789 3559 809 3598 r
833 3535 905 3600 δὲ
854 3541 1067 3626 ὲειμαρμένη
1086 3535 1198 3608 πάντα
1220 3541 1266 3610 τά

251 3631 406 3724 γινόμενα
428 3632 612 3721 ἀναγκαίως
640 3659 674 3701 τε
695 3641 751 3701 καὶ
773 3631 852 3702 δι’ῐ
837 3638 956 3724 ομοίως
978 3634 1087 3719 ἀντίας
1108 3647 1249 3764 (μηρί’
1214 3675 1265 3768 γι-

248 3743 375 3806 νεσθαι
406 3734 471 3819 16),
507 3737 571 3804 τῶν
598 3740 634 3803 δὲ
662 3733 749 3804 δι(
732 3738 850 3827 ομοίως
877 3741 1054 3830 γινομένων
1075 3743 1171 3826 ¹⁷)’
1150 3751 1263 3828 αιτίας

251 3837 311 3930 οὐχ
331 3836 403 3909 ὁῖύν
423 3865 458 3908 τε
479 3835 521 3906 τά
541 3847 601 3926 μὲν
622 3836 846 3934 ἁμαρτήματα
869 3846 989 3929 λεγειν,
1017 3843 1060 3912 τά
1082 3851 1117 3916 δὲ
1140 3875 1262 3945 κατορ

250 3940 408 4034 θύματα.
446 3939 497 4012 'Eo
528 3938 593 4034 γὰρ
622 3947 707 4030 λέγει
737 3969 788 4023 τις
819 3950 875 4012 καί
902 3943 961 4013 τὸν
992 3944 1095 4037 νόμον
1127 3953 1161 4021 έν
1191 3960 1261 4032 τοῖς
