2758 4760
1083 445 1123 508 79

113 612 167 662 aut
189 611 286 664 casu':
322 614 353 664 et
383 603 597 688 esse'aliquid
627 605 657 670 in
680 609 934 690 rebus'positum
949 607 990 674 'in'
1012 625 1124 676 nostra

110 715 269 784 potestate
293 716 323 766 et
347 719 476 770 eventus
500 710 655 794 ambigui,
680 731 734 785 re,
767 733 830 774 non
854 713 956 776 solum
978 715 1117 779 nomine.

557 813 674 876 XXV.

174 911 348 991 Quomodo
371 913 451 974 enim
473 934 537 978 non
561 914 601 977 sit
620 915 784 980 manifesto
799 919 863 981 hoc
877 913 1002 997 falsum,
1020 942 1113 985 omne

45 1014 48 1019 '
109 1016 198 1098 quod
225 1013 318 1078 alicui
350 1027 397 1098 est
427 1037 623 1100 consequens
645 1039 686 1080 ex
708 1039 747 1082 eo
771 1041 895 1083 causam
916 1023 1035 1086 habere
1051 1046 1116 1087 cur

109 1116 261 1193 exsistat,
301 1129 332 1179 et
364 1139 456 1180 omne
493 1122 580 1202 quod
612 1111 827 1204 antegreditur
858 1145 926 1186 rem
959 1126 1050 1188 aliam
1085 1125 1116 1190 ei

107 1220 155 1283 rei
183 1242 309 1283 causam
338 1240 407 1282 esse
436 1243 494 1284 cur
522 1205 586 1285 sit'?
629 1223 783 1286 Videmus
818 1225 935 1308 quippe
968 1249 1005 1290 ea
1034 1251 1118 1312 quae

106 1336 255 1404 tempore
287 1333 359 1385 sunt
392 1322 452 1386 alia
478 1335 555 1406 post
583 1323 660 1403 alia,
699 1347 763 1390 non
794 1327 899 1391 omnia
920 1341 1024 1392 tamen
1045 1331 1118 1395 fieri

107 1429 151 1490 ob
174 1427 208 1491 id
229 1429 316 1509 quod
336 1425 425 1508 prius
448 1437 479 1488 et
506 1438 578 1490 ante
606 1428 675 1510 ipsa
701 1429 843 1512 positum
871 1429 944 1495 fuit.
1004 1435 1117 1516 Neque

107 1531 189 1595 enim
212 1530 350 1592 ambulat
372 1529 441 1612 quis
464 1529 538 1612 quia
559 1525 715 1607 surrexit,
751 1553 852 1618 neque
879 1555 947 1597 nox
976 1546 1023 1597 est
1039 1535 1112 1598 'effi-

107 1633 210 1696 ciente
238 1634 302 1696 hoc
330 1631 403 1708 die',
439 1653 541 1716 neque
574 1634 739 1697 Isthmium
771 1647 929 1700 certamen
961 1658 1020 1719 per
1038 1638 1114 1702 'vim

107 1735 288 1817 Olympici,
324 1747 377 1797 aut
398 1733 496 1797 hiems
518 1757 577 1817 per
599 1736 737 1799 aestatis.
782 1738 924 1804 Proinde
946 1739 1113 1803 miraretur

106 1839 177 1921 qu'is
207 1839 280 1902 illos
303 1837 330 1900 si
356 1857 523 1902 causarum
540 1839 653 1902 seriem
675 1839 768 1902 istum
790 1843 829 1902 ad
850 1842 977 1904 modum
1003 1845 1117 1906 redde-

104 1952 195 2018 rent,
235 1941 324 2025 quasi
353 1961 477 2022 semper
504 1939 538 2004 id
567 1945 654 2025 quod
674 1942 773 2024 ,prius
796 1954 843 2005 est
876 1965 969 2006 causa
990 1943 1030 2006 sit
1052 1967 1114 2028 po-

104 2045 269 2121 sterioris,
295 2067 333 2107 ac
350 2045 396 2106 sie
418 2065 581 2134 causamini
594 2065 772 2108 connexiun
793 2046 936 2108 facerent
950 2046 1113 2111 continen-

104 2150 244 2232 tiamque
264 2149 347 2212 inter
368 2147 474 2229 ipsas,
511 2158 542 2208 et
564 2168 621 2208 cur
641 2147 674 2210 id
694 2147 835 2211 facerent
856 2149 1016 2212 adferrent
1032 2161 1113 2214 cau·
1160 2133 1161 2138 ἵ

105 2275 173 2316 sam
197 2253 285 2336 quod
306 2252 372 2315 sine
395 2271 488 2313 causa
509 2249 586 2312 nihil
607 2249 674 2313 fiat.
716 2250 881 2322 ,Videmus
904 2251 986 2314 enim
1007 2254 1113 2315 multis

103 2355 136 2418 in
167 2357 264 2420 rebus
293 2367 356 2418 tam
386 2354 450 2416 eius
482 2353 569 2437 quod
597 2352 783 2432 antecessit,
823 2376 916 2440 quam
939 2355 1004 2426 eius
1027 2358 1114 2440 quod

104 2458 313 2541 consequitur
345 2477 438 2520 unam
473 2459 664 2540 eandemque
695 2477 764 2520 esse
792 2479 929 2520 causam.
989 2458 1052 2528 Sed
1084 2471 1116 2523 et

104 2543 257 2647 surgendi
289 2573 320 2623 et
347 2560 524 2624 ambulandi
553 2581 648 2622 causa
674 2571 722 2622 est
755 2562 875 2622 eadem.
929 2560 1013 2622 Nam
1049 2583 1114 2626 non

103 2665 209 2748 ipsum
238 2685 371 2750 surgere
404 2685 497 2728 causa
533 2675 580 2726 est
609 2662 808 2739 ambulandi,
857 2664 916 2727 sed
946 2663 1112 2748 utriusque

103 2790 199 2831 causa
221 2779 269 2832 est
289 2768 315 2830 is
337 2767 405 2849 ipse
427 2767 482 2849 qui
503 2765 661 2851 surgit‘et
686 2766 840 2842 ambulat,
879 2766 1009 2850 eiusque
1032 2768 1110 2831 deli-

103 2873 215 2934 berata
247 2870 407 2936 voluntas.
465 2869 518 2934 Sic
551 2868 641 2932 etiam
669 2867 771 2932 noctis
794 2879 825 2931 et
847 2869 908 2933 diei
935 2883 1108 2953 quae'cer-

103 2986 170 3037 tum
191 2973 331 3038 inter'se
354 2973 496 3036 ordinem
517 2973 633 3034 habeut
654 2993 715 3033 una
738 2973 908 3054 eademque
931 2985 1108 3037 causaest.
1179 3017 1182 3024 -

103 3078 233 3142 Pariter
268 3099 304 3140 se
340 3099 390 3140 res
422 3078 516 3144 habet
547 3075 580 3138 in
613 3073 684 3136 anni
711 3074 969 3164 tempestatibus.
1034 3078 1110 3140 Non

105 3181 188 3245 enim
216 3180 316 3244 hiems
344 3201 436 3243 causa
460 3191 508 3243 est
530 3161 676 3252 aestatis,
717 3178 773 3238 sed
802 3188 833 3239 et
853 3177 944 3239 huius
972 3190 1003 3241 et
1024 3175 1111 3240 illius

104 3296 271 3348 causaest
299 3282 398 3346 motio
427 3305 463 3346 ac
488 3281 606 3347 rotatio
633 3279 774 3344 caelestis
808 3279 955 3361 eorporis
982 3291 1013 3342 et
1046 3279 1111 3341 eius
1206 3277 1208 3286 ’

102 3387 202 3452 flexio
234 3408 293 3470 per
329 3385 493 3469 obliquum
524 3387 686 3450 circulum.
753 3386 835 3446 Nam
872 3382 929 3445 Sol
968 3384 1006 3443 ad
1040 3401 1109 3444 eum

103 3492 233 3554 modum
262 3511 296 3552 se
322 3509 453 3554 movens
486 3490 623 3554 omnium
644 3491 767 3553 illarum
789 3495 1009 3567 tempestatum
1032 3506 1106 3547 cau-

102 3595 148 3656 sa
167 3605 227 3657 est.
278 3594 354 3655 Non
382 3615 462 3678 ergo
508 3614 574 3654 nox
609 3615 702 3656 causa
739 3590 822 3665 diei,
872 3607 973 3669 neque
1008 3586 1108 3650 hiems

106 3696 255 3772 aestatis,
301 3717 403 3779 neque
433 3707 560 3758 catenae
589 3695 620 3758 in
646 3698 773 3758 modum
798 3693 857 3757 ista
882 3690 964 3754 inter
981 3711 1014 3752 se
1036 3693 1108 3752 dum

102 3799 203 3876 fiunt,
239 3799 429 3878 cohaerent3
459 3812 494 3862 ut
516 3796 601 3862 ni'id
622 3797 695 3874 fiat,
728 3797 901 3860 discessura
928 3792 967 3856 sit
994 3791 1108 3856 Mundi

102 3912 133 3963 et
166 3921 278 3966 eorum
312 3923 391 3984 quae
429 3903 461 3967 in
495 3902 621 3965 Mundo
655 3912 726 3963 sunt
765 3899 907 3980 fiuntque
944 3894 1105 3959 adunatio.

102 4005 266 4070 Sufficiunt
300 4005 381 4068 enim
414 4005 559 4071 caelestia
596 4011 735 4088 corpora
775 4013 805 4064 et
845 4019 955 4068 eorum
988 3997 1116 4065 rotatio
