<?xml version="1.0" encoding="UTF-8"?>
<!DOCTYPE html PUBLIC "-//W3C//DTD XHTML 1.0 Transitional//EN"
    "http://www.w3.org/TR/xhtml1/DTD/xhtml1-transitional.dtd">
<html xmlns="http://www.w3.org/1999/xhtml" xml:lang="en" lang="en">
 <head>
  <title>
</title>
<meta http-equiv="Content-Type" content="text/html;charset=utf-8" />
  <meta name='ocr-system' content='tesseract 3.04.00' />
  <meta name='ocr-capabilities' content='ocr_page ocr_carea ocr_par ocr_line ocrx_word'/>
</head>
<body>
  <div class='ocr_page' id='page_1' title='image "./alexandriaphrod00bardgoog_0209.png"; bbox 0 0 2728 4758; ppageno 0'>
   <div class='ocr_carea' id='block_1_1' title="bbox 998 415 1106 480">
    <p class='ocr_par' dir='ltr' id='par_1_1' title="bbox 998 415 1106 480">
     <span class='ocr_line' id='line_1_1' title="bbox 998 415 1106 480; baseline 0.028 -2"><span class='ocrx_word' id='word_1_1' title='bbox 998 417 1001 427; x_wconf 81' lang='grc'><strong>“</strong></span> <span class='ocrx_word' id='word_1_2' title='bbox 1043 415 1106 480; x_wconf 73' lang='grc'>193</span> 
     </span>
    </p>
   </div>
   <div class='ocr_carea' id='block_1_2' title="bbox 96 573 1104 665">
    <p class='ocr_par' dir='ltr' id='par_1_2' title="bbox 96 573 1104 665">
     <span class='ocr_line' id='line_1_2' title="bbox 96 573 1104 665; baseline 0.004 -21"><span class='ocrx_word' id='word_1_3' title='bbox 96 586 231 660; x_wconf 75' lang='lat' dir='ltr'>apparet</span> <span class='ocrx_word' id='word_1_4' title='bbox 253 573 446 654; x_wconf 85' lang='lat' dir='ltr'>differentia,</span> <span class='ocrx_word' id='word_1_5' title='bbox 478 576 567 661; x_wconf 84' lang='lat' dir='ltr'><strong>quasi</strong></span> <span class='ocrx_word' id='word_1_6' title='bbox 589 577 667 646; x_wconf 79' lang='lat' dir='ltr'>orb&#39;s</span> <span class='ocrx_word' id='word_1_7' title='bbox 694 579 753 644; x_wconf 91' lang='lat' dir='ltr'>illis</span> <span class='ocrx_word' id='word_1_8' title='bbox 777 580 999 665; x_wconf 65' lang='lat' dir='ltr'>estprincipio</span> <span class='ocrx_word' id='word_1_9' title='bbox 1024 581 1104 648; x_wconf 86' lang='lat' dir='ltr'>alio.</span> 
     </span>
    </p>
   </div>
   <div class='ocr_carea' id='block_1_3' title="bbox 50 679 1105 772">
    <p class='ocr_par' dir='ltr' id='par_1_3' title="bbox 50 679 1105 772">
     <span class='ocr_line' id='line_1_3' title="bbox 50 679 1105 772; baseline 0.009 -29"><span class='ocrx_word' id='word_1_10' title='bbox 50 705 53 714; x_wconf 92' lang='lat'><em>·</em></span> <span class='ocrx_word' id='word_1_11' title='bbox 98 681 223 744; x_wconf 84' lang='lat' dir='ltr'>Deinde</span> <span class='ocrx_word' id='word_1_12' title='bbox 243 701 282 742; x_wconf 85' lang='lat' dir='ltr'>ue</span> <span class='ocrx_word' id='word_1_13' title='bbox 298 679 350 742; x_wconf 92' lang='lat' dir='ltr'>hie</span> <span class='ocrx_word' id='word_1_14' title='bbox 369 679 493 762; x_wconf 89' lang='lat' dir='ltr'>quidem</span> <span class='ocrx_word' id='word_1_15' title='bbox 517 681 620 744; x_wconf 88' lang='lat' dir='ltr'>omitti</span> <span class='ocrx_word' id='word_1_16' title='bbox 638 683 753 746; x_wconf 88' lang='lat' dir='ltr'>debent</span> <span class='ocrx_word' id='word_1_17' title='bbox 769 683 861 748; x_wconf 88' lang='lat' dir='ltr'>animi</span> <span class='ocrx_word' id='word_1_18' title='bbox 878 686 1105 772; x_wconf 65' lang='lat' dir='ltr'>repugnantiae</span> 
     </span>
    </p>
   </div>
   <div class='ocr_carea' id='block_1_4' title="bbox 99 781 1222 978">
    <p class='ocr_par' dir='ltr' id='par_1_4' title="bbox 99 781 1222 978">
     <span class='ocr_line' id='line_1_4' title="bbox 99 781 1222 870; baseline 0.005 -24"><span class='ocrx_word' id='word_1_19' title='bbox 99 795 212 847; x_wconf 84' lang='lat' dir='ltr'>eontra</span> <span class='ocrx_word' id='word_1_20' title='bbox 232 781 379 864; x_wconf 85' lang='lat' dir='ltr'>eorporis</span> <span class='ocrx_word' id='word_1_21' title='bbox 396 793 674 862; x_wconf 78' lang='lat' dir='ltr'>temperamentum</span> <span class='ocrx_word' id='word_1_22' title='bbox 694 798 725 847; x_wconf 91' lang='lat' dir='ltr'>et</span> <span class='ocrx_word' id='word_1_23' title='bbox 741 787 938 868; x_wconf 84' lang='lat' dir='ltr'>cupiditates.</span> <span class='ocrx_word' id='word_1_24' title='bbox 969 789 1104 870; x_wconf 74' lang='lat' dir='ltr'>Quodsi,</span> <span class='ocrx_word' id='word_1_25' title='bbox 1211 824 1222 845; x_wconf 90' lang='lat'><strong>·</strong></span> 
     </span>
     <span class='ocr_line' id='line_1_5' title="bbox 100 883 1209 978; baseline 0.002 -27"><span class='ocrx_word' id='word_1_26' title='bbox 100 887 173 971; x_wconf 84' lang='lat' dir='ltr'>quia</span> <span class='ocrx_word' id='word_1_27' title='bbox 203 897 275 948; x_wconf 90' lang='lat' dir='ltr'>sunt</span> <span class='ocrx_word' id='word_1_28' title='bbox 303 885 355 970; x_wconf 91' lang='lat' dir='ltr'>qui</span> <span class='ocrx_word' id='word_1_29' title='bbox 381 896 526 967; x_wconf 77' lang='lat' dir='ltr'>spectato</span> <span class='ocrx_word' id='word_1_30' title='bbox 551 899 709 949; x_wconf 83' lang='lat' dir='ltr'>astrorum</span> <span class='ocrx_word' id='word_1_31' title='bbox 730 891 896 972; x_wconf 75' lang='lat' dir='ltr'>positude</span> <span class='ocrx_word' id='word_1_32' title='bbox 926 893 1020 954; x_wconf 88' lang='lat' dir='ltr'>rebus</span> <span class='ocrx_word' id='word_1_33' title='bbox 1043 891 1107 978; x_wconf 75' lang='lat' dir='ltr'>sin·</span> <span class='ocrx_word' id='word_1_34' title='bbox 1207 883 1209 888; x_wconf 56' lang='grc'>’</span> 
     </span>
    </p>
   </div>
   <div class='ocr_carea' id='block_1_5' title="bbox 99 980 1107 1082">
    <p class='ocr_par' dir='ltr' id='par_1_5' title="bbox 99 980 1107 1082">
     <span class='ocr_line' id='line_1_6' title="bbox 99 980 1107 1082; baseline 0.001 -27"><span class='ocrx_word' id='word_1_35' title='bbox 99 991 182 1075; x_wconf 80' lang='lat' dir='ltr'>gulis</span> <span class='ocrx_word' id='word_1_36' title='bbox 205 980 318 1053; x_wconf 83' lang='lat' dir='ltr'>sutura</span> <span class='ocrx_word' id='word_1_37' title='bbox 332 987 535 1080; x_wconf 83' lang='lat' dir='ltr'>praedicunt,</span> <span class='ocrx_word' id='word_1_38' title='bbox 559 987 631 1052; x_wconf 91' lang='lat' dir='ltr'>ideo</span> <span class='ocrx_word' id='word_1_39' title='bbox 648 1011 683 1052; x_wconf 84' lang='lat' dir='ltr'>ea</span> <span class='ocrx_word' id='word_1_40' title='bbox 706 992 745 1052; x_wconf 91' lang='lat' dir='ltr'>ab</span> <span class='ocrx_word' id='word_1_41' title='bbox 769 991 859 1054; x_wconf 91' lang='lat' dir='ltr'>astris</span> <span class='ocrx_word' id='word_1_42' title='bbox 879 993 960 1057; x_wconf 90' lang='lat' dir='ltr'>effici</span> <span class='ocrx_word' id='word_1_43' title='bbox 977 997 1107 1082; x_wconf 67' lang='lat' dir='ltr'>credam</span> 
     </span>
    </p>
   </div>
   <div class='ocr_carea' id='block_1_6' title="bbox 98 1089 1108 1175">
    <p class='ocr_par' dir='ltr' id='par_1_6' title="bbox 98 1089 1108 1175">
     <span class='ocr_line' id='line_1_7' title="bbox 98 1089 1108 1175; baseline 0.006 -18"><span class='ocrx_word' id='word_1_44' title='bbox 98 1089 181 1171; x_wconf 51' lang='lat' dir='ltr'>tur,¹</span> <span class='ocrx_word' id='word_1_45' title='bbox 200 1092 331 1175; x_wconf 85' lang='lat' dir='ltr'>perinde</span> <span class='ocrx_word' id='word_1_46' title='bbox 354 1092 394 1154; x_wconf 91' lang='lat' dir='ltr'>sit</span> <span class='ocrx_word' id='word_1_47' title='bbox 417 1091 510 1174; x_wconf 83' lang='lat' dir='ltr'>quasi</span> <span class='ocrx_word' id='word_1_48' title='bbox 536 1113 609 1154; x_wconf 87' lang='lat' dir='ltr'>aves</span> <span class='ocrx_word' id='word_1_49' title='bbox 636 1093 772 1155; x_wconf 87' lang='lat' dir='ltr'>dicamus</span> <span class='ocrx_word' id='word_1_50' title='bbox 796 1095 971 1158; x_wconf 87' lang='lat' dir='ltr'>effectrices</span> <span class='ocrx_word' id='word_1_51' title='bbox 995 1118 1108 1162; x_wconf 85' lang='lat' dir='ltr'>eorum</span> 
     </span>
    </p>
   </div>
   <div class='ocr_carea' id='block_1_7' title="bbox 80 1195 1156 1380">
    <p class='ocr_par' dir='ltr' id='par_1_7' title="bbox 80 1195 1156 1380">
     <span class='ocr_line' id='line_1_8' title="bbox 80 1195 1108 1280; baseline 0.006 -20"><span class='ocrx_word' id='word_1_52' title='bbox 80 1218 179 1280; x_wconf 48' lang='lat' dir='ltr'>xquae</span> <span class='ocrx_word' id='word_1_53' title='bbox 213 1195 407 1280; x_wconf 80' lang='lat' dir='ltr'>significant,</span> <span class='ocrx_word' id='word_1_54' title='bbox 447 1205 478 1257; x_wconf 90' lang='lat' dir='ltr'>et</span> <span class='ocrx_word' id='word_1_55' title='bbox 516 1216 567 1256; x_wconf 90' lang='lat' dir='ltr'>res</span> <span class='ocrx_word' id='word_1_56' title='bbox 602 1195 676 1260; x_wconf 87' lang='lat' dir='ltr'>alias</span> <span class='ocrx_word' id='word_1_57' title='bbox 706 1217 783 1278; x_wconf 89' lang='lat' dir='ltr'>quas</span> <span class='ocrx_word' id='word_1_58' title='bbox 812 1197 973 1278; x_wconf 81' lang='lat' dir='ltr'>respicere</span> <span class='ocrx_word' id='word_1_59' title='bbox 1001 1200 1108 1266; x_wconf 82' lang='lat' dir='ltr'>solent</span> 
     </span>
     <span class='ocr_line' id='line_1_9' title="bbox 99 1296 1156 1380; baseline 0.002 -18"><span class='ocrx_word' id='word_1_60' title='bbox 99 1299 288 1362; x_wconf 78' lang='lat' dir='ltr'>dirmuntes.</span> <span class='ocrx_word' id='word_1_61' title='bbox 347 1299 472 1362; x_wconf 88' lang='lat' dir='ltr'>Verum</span> <span class='ocrx_word' id='word_1_62' title='bbox 497 1296 589 1360; x_wconf 87' lang='lat' dir='ltr'>etiam</span> <span class='ocrx_word' id='word_1_63' title='bbox 615 1298 748 1380; x_wconf 87' lang='lat' dir='ltr'>propius</span> <span class='ocrx_word' id='word_1_64' title='bbox 773 1299 999 1364; x_wconf 82' lang='lat' dir='ltr'>consideranda</span> <span class='ocrx_word' id='word_1_65' title='bbox 1021 1315 1104 1378; x_wconf 88' lang='lat' dir='ltr'>sunt,</span> <span class='ocrx_word' id='word_1_66' title='bbox 1154 1345 1156 1349; x_wconf 90' lang='lat'><em>-</em></span> 
     </span>
    </p>
   </div>
   <div class='ocr_carea' id='block_1_8' title="bbox 100 1400 1215 1490">
    <p class='ocr_par' dir='ltr' id='par_1_8' title="bbox 100 1400 1215 1490">
     <span class='ocr_line' id='line_1_10' title="bbox 100 1400 1215 1490; baseline -0.005 -26"><span class='ocrx_word' id='word_1_67' title='bbox 100 1423 254 1484; x_wconf 83' lang='lat' dir='ltr'>quaenam</span> <span class='ocrx_word' id='word_1_68' title='bbox 273 1423 310 1464; x_wconf 86' lang='lat' dir='ltr'>ea</span> <span class='ocrx_word' id='word_1_69' title='bbox 336 1400 397 1462; x_wconf 91' lang='lat' dir='ltr'>sint</span> <span class='ocrx_word' id='word_1_70' title='bbox 419 1421 499 1483; x_wconf 88' lang='lat' dir='ltr'>quae</span> <span class='ocrx_word' id='word_1_71' title='bbox 519 1400 659 1482; x_wconf 86' lang='lat' dir='ltr'>praediri</span> <span class='ocrx_word' id='word_1_72' title='bbox 683 1403 786 1468; x_wconf 81' lang='lat' dir='ltr'>solent</span> <span class='ocrx_word' id='word_1_73' title='bbox 808 1423 849 1464; x_wconf 87' lang='lat' dir='ltr'>ex</span> <span class='ocrx_word' id='word_1_74' title='bbox 869 1415 1027 1472; x_wconf 86' lang='lat' dir='ltr'>astrorum</span> <span class='ocrx_word' id='word_1_75' title='bbox 1046 1427 1108 1490; x_wconf 82' lang='lat' dir='ltr'>po.</span> <span class='ocrx_word' id='word_1_76' title='bbox 1207 1400 1215 1412; x_wconf 88' lang='lat'><strong><em>‘</em></strong></span> 
     </span>
    </p>
   </div>
   <div class='ocr_carea' id='block_1_9' title="bbox 99 1503 1108 1590">
    <p class='ocr_par' dir='ltr' id='par_1_9' title="bbox 99 1503 1108 1590">
     <span class='ocr_line' id='line_1_11' title="bbox 99 1503 1108 1590; baseline 0.003 -23"><span class='ocrx_word' id='word_1_77' title='bbox 99 1503 161 1568; x_wconf 89' lang='lat' dir='ltr'>situ</span> <span class='ocrx_word' id='word_1_78' title='bbox 187 1525 252 1587; x_wconf 89' lang='lat' dir='ltr'>quo</span> <span class='ocrx_word' id='word_1_79' title='bbox 271 1503 403 1587; x_wconf 83' lang='lat' dir='ltr'>quisque</span> <span class='ocrx_word' id='word_1_80' title='bbox 428 1515 520 1566; x_wconf 85' lang='lat' dir='ltr'>natus</span> <span class='ocrx_word' id='word_1_81' title='bbox 543 1515 591 1566; x_wconf 92' lang='lat' dir='ltr'>est</span> <span class='ocrx_word' id='word_1_82' title='bbox 611 1515 775 1585; x_wconf 88' lang='lat' dir='ltr'>tempore,</span> <span class='ocrx_word' id='word_1_83' title='bbox 800 1527 943 1590; x_wconf 86' lang='lat' dir='ltr'>quaeque</span> <span class='ocrx_word' id='word_1_84' title='bbox 965 1507 1108 1578; x_wconf 87' lang='lat' dir='ltr'>nonnulli</span> 
     </span>
    </p>
   </div>
   <div class='ocr_carea' id='block_1_10' title="bbox 51 1606 1105 1696">
    <p class='ocr_par' dir='ltr' id='par_1_10' title="bbox 51 1606 1105 1696">
     <span class='ocr_line' id='line_1_12' title="bbox 51 1606 1105 1696; baseline 0.009 -27"><span class='ocrx_word' id='word_1_85' title='bbox 51 1634 66 1674; x_wconf 58' lang='lat'>¹,</span> <span class='ocrx_word' id='word_1_86' title='bbox 99 1618 213 1696; x_wconf 86' lang='lat' dir='ltr'>putant</span> <span class='ocrx_word' id='word_1_87' title='bbox 243 1629 260 1670; x_wconf 84' lang='lat' dir='ltr'>a</span> <span class='ocrx_word' id='word_1_88' title='bbox 292 1606 446 1672; x_wconf 89' lang='lat' dir='ltr'>sideribus</span> <span class='ocrx_word' id='word_1_89' title='bbox 471 1627 536 1669; x_wconf 89' lang='lat' dir='ltr'>uon</span> <span class='ocrx_word' id='word_1_90' title='bbox 564 1606 695 1672; x_wconf 86' lang='lat' dir='ltr'>indicari</span> <span class='ocrx_word' id='word_1_91' title='bbox 726 1619 846 1672; x_wconf 87' lang='lat' dir='ltr'>tantum</span> <span class='ocrx_word' id='word_1_92' title='bbox 875 1612 931 1672; x_wconf 88' lang='lat' dir='ltr'>sed</span> <span class='ocrx_word' id='word_1_93' title='bbox 957 1621 988 1673; x_wconf 92' lang='lat' dir='ltr'>et</span> <span class='ocrx_word' id='word_1_94' title='bbox 1012 1611 1105 1680; x_wconf 80' lang='lat' dir='ltr'>effici.</span> 
     </span>
    </p>
   </div>
   <div class='ocr_carea' id='block_1_11' title="bbox 45 3919 72 3953">
    <p class='ocr_par' dir='ltr' id='par_1_11' title="bbox 45 3919 72 3953">
     <span class='ocr_line' id='line_1_13' title="bbox 45 3919 72 3953; baseline 0 0"><span class='ocrx_word' id='word_1_95' title='bbox 45 3919 72 3953; x_wconf 60' lang='grc' dir='ltr'>Χ</span> 
     </span>
    </p>
   </div>
   <div class='ocr_carea' id='block_1_12' title="bbox 99 1708 1128 2219">
    <p class='ocr_par' dir='ltr' id='par_1_12' title="bbox 99 1708 1128 2219">
     <span class='ocr_line' id='line_1_14' title="bbox 100 1708 1108 1794; baseline 0.004 -18"><span class='ocrx_word' id='word_1_96' title='bbox 100 1709 184 1776; x_wconf 86' lang='lat' dir='ltr'>Cum</span> <span class='ocrx_word' id='word_1_97' title='bbox 211 1731 292 1794; x_wconf 84' lang='lat' dir='ltr'>ergo</span> <span class='ocrx_word' id='word_1_98' title='bbox 321 1708 492 1772; x_wconf 85' lang='lat' dir='ltr'>iudicantes</span> <span class='ocrx_word' id='word_1_99' title='bbox 520 1709 558 1772; x_wconf 89' lang='lat' dir='ltr'>de</span> <span class='ocrx_word' id='word_1_100' title='bbox 588 1731 703 1794; x_wconf 81' lang='lat' dir='ltr'>genere</span> <span class='ocrx_word' id='word_1_101' title='bbox 740 1711 868 1775; x_wconf 88' lang='lat' dir='ltr'>alicuius</span> <span class='ocrx_word' id='word_1_102' title='bbox 903 1712 1006 1776; x_wconf 86' lang='lat' dir='ltr'>dicant</span> <span class='ocrx_word' id='word_1_103' title='bbox 1037 1736 1108 1780; x_wconf 86' lang='lat' dir='ltr'>eum</span> 
     </span>
     <span class='ocr_line' id='line_1_15' title="bbox 99 1813 1128 1898; baseline 0 -20"><span class='ocrx_word' id='word_1_104' title='bbox 99 1827 206 1878; x_wconf 90' lang='lat' dir='ltr'>ortum</span> <span class='ocrx_word' id='word_1_105' title='bbox 228 1813 395 1895; x_wconf 86' lang='lat' dir='ltr'>praeclaro</span> <span class='ocrx_word' id='word_1_106' title='bbox 415 1823 505 1894; x_wconf 88' lang='lat' dir='ltr'>patre</span> <span class='ocrx_word' id='word_1_107' title='bbox 526 1834 562 1874; x_wconf 89' lang='lat' dir='ltr'>ao</span> <span class='ocrx_word' id='word_1_108' title='bbox 584 1825 696 1889; x_wconf 84' lang='lat' dir='ltr'>matre,</span> <span class='ocrx_word' id='word_1_109' title='bbox 726 1817 888 1896; x_wconf 87' lang='lat' dir='ltr'>quomodo</span> <span class='ocrx_word' id='word_1_110' title='bbox 913 1816 973 1884; x_wconf 88' lang='lat' dir='ltr'>diei</span> <span class='ocrx_word' id='word_1_111' title='bbox 1000 1828 1128 1898; x_wconf 85' lang='lat' dir='ltr'>potest.</span> 
     </span>
     <span class='ocr_line' id='line_1_16' title="bbox 100 1905 1106 2002; baseline 0 -20"><span class='ocrx_word' id='word_1_112' title='bbox 100 1940 141 1982; x_wconf 84' lang='lat' dir='ltr'>ex</span> <span class='ocrx_word' id='word_1_113' title='bbox 159 1928 319 2001; x_wconf 78' lang='lat' dir='ltr'>astrorum</span> <span class='ocrx_word' id='word_1_114' title='bbox 341 1916 502 1997; x_wconf 86' lang='lat' dir='ltr'>positura,</span> <span class='ocrx_word' id='word_1_115' title='bbox 526 1918 609 1980; x_wconf 86' lang='lat' dir='ltr'>unde</span> <span class='ocrx_word' id='word_1_116' title='bbox 624 1915 798 1997; x_wconf 86' lang='lat' dir='ltr'>praedictio</span> <span class='ocrx_word' id='word_1_117' title='bbox 817 1905 947 2002; x_wconf 81' lang='lat' dir='ltr'>petitur,</span> <span class='ocrx_word' id='word_1_118' title='bbox 972 1918 1004 1981; x_wconf 92' lang='lat' dir='ltr'>id</span> <span class='ocrx_word' id='word_1_119' title='bbox 1024 1919 1106 1996; x_wconf 83' lang='lat' dir='ltr'>fieri,</span> 
     </span>
     <span class='ocr_line' id='line_1_17' title="bbox 100 2004 1108 2104; baseline 0.002 -22"><span class='ocrx_word' id='word_1_120' title='bbox 100 2022 189 2104; x_wconf 85' lang='lat' dir='ltr'>quod</span> <span class='ocrx_word' id='word_1_121' title='bbox 215 2004 330 2085; x_wconf 80' lang='lat' dir='ltr'>iamin</span> <span class='ocrx_word' id='word_1_122' title='bbox 352 2018 535 2100; x_wconf 81' lang='lat' dir='ltr'>parentibus</span> <span class='ocrx_word' id='word_1_123' title='bbox 557 2016 681 2081; x_wconf 88' lang='lat' dir='ltr'>inerat?</span> <span class='ocrx_word' id='word_1_124' title='bbox 719 2020 842 2082; x_wconf 86' lang='lat' dir='ltr'>Rursus</span> <span class='ocrx_word' id='word_1_125' title='bbox 866 2041 944 2084; x_wconf 86' lang='lat' dir='ltr'>vero</span> <span class='ocrx_word' id='word_1_126' title='bbox 968 2022 1108 2102; x_wconf 82' lang='lat' dir='ltr'>parenti·</span> 
     </span>
     <span class='ocr_line' id='line_1_18' title="bbox 100 2121 1110 2219; baseline -0.003 -31"><span class='ocrx_word' id='word_1_127' title='bbox 100 2123 159 2188; x_wconf 88' lang='lat' dir='ltr'>bus</span> <span class='ocrx_word' id='word_1_128' title='bbox 178 2123 254 2205; x_wconf 89' lang='lat' dir='ltr'>ipsis</span> <span class='ocrx_word' id='word_1_129' title='bbox 276 2123 421 2186; x_wconf 78' lang='lat' dir='ltr'>fortunas</span> <span class='ocrx_word' id='word_1_130' title='bbox 446 2121 567 2184; x_wconf 86' lang='lat' dir='ltr'>suturas</span> <span class='ocrx_word' id='word_1_131' title='bbox 591 2121 623 2185; x_wconf 90' lang='lat' dir='ltr'>in</span> <span class='ocrx_word' id='word_1_132' title='bbox 649 2122 916 2219; x_wconf 62' lang='lat' dir='ltr'>progenefatione</span> <span class='ocrx_word' id='word_1_133' title='bbox 933 2123 1110 2198; x_wconf 87' lang='lat' dir='ltr'>liberorum</span> 
     </span>
    </p>
   </div>
   <div class='ocr_carea' id='block_1_13' title="bbox 2 2225 1152 2531">
    <p class='ocr_par' dir='ltr' id='par_1_13' title="bbox 2 2225 1152 2531">
     <span class='ocr_line' id='line_1_19' title="bbox 10 2225 1110 2310; baseline 0 -19"><span class='ocrx_word' id='word_1_134' title='bbox 10 2255 16 2262; x_wconf 96' lang='lat'>·</span> <span class='ocrx_word' id='word_1_135' title='bbox 101 2238 132 2293; x_wconf 85' lang='lat' dir='ltr'>et</span> <span class='ocrx_word' id='word_1_136' title='bbox 153 2227 263 2310; x_wconf 84' lang='lat' dir='ltr'>quales</span> <span class='ocrx_word' id='word_1_137' title='bbox 287 2225 386 2290; x_wconf 85' lang='lat' dir='ltr'>futuri</span> <span class='ocrx_word' id='word_1_138' title='bbox 404 2225 464 2286; x_wconf 90' lang='lat' dir='ltr'>sint</span> <span class='ocrx_word' id='word_1_139' title='bbox 479 2236 629 2298; x_wconf 70' lang='lat' dir='ltr'>¹natorum</span> <span class='ocrx_word' id='word_1_140' title='bbox 654 2226 805 2300; x_wconf 82' lang='lat' dir='ltr'>effeetus,</span> <span class='ocrx_word' id='word_1_141' title='bbox 829 2237 860 2289; x_wconf 92' lang='lat' dir='ltr'>et</span> <span class='ocrx_word' id='word_1_142' title='bbox 880 2247 955 2310; x_wconf 87' lang='lat' dir='ltr'>quas</span> <span class='ocrx_word' id='word_1_143' title='bbox 971 2227 1110 2291; x_wconf 87' lang='lat' dir='ltr'>habituri</span> 
     </span>
     <span class='ocr_line' id='line_1_20' title="bbox 2 2321 1110 2410; baseline -0.005 -10"><span class='ocrx_word' id='word_1_144' title='bbox 2 2384 3 2400; x_wconf 39' lang='lat' dir='ltr'>s</span> <span class='ocrx_word' id='word_1_145' title='bbox 79 2331 164 2397; x_wconf 59' lang='lat' dir='ltr'>„sint</span> <span class='ocrx_word' id='word_1_146' title='bbox 185 2331 330 2394; x_wconf 69' lang='lat' dir='ltr'>toronus</span> <span class='ocrx_word' id='word_1_147' title='bbox 354 2329 492 2398; x_wconf 75' lang='lat' dir='ltr'>nondum</span> <span class='ocrx_word' id='word_1_148' title='bbox 519 2327 591 2400; x_wconf 80' lang='lat' dir='ltr'>satis</span> <span class='ocrx_word' id='word_1_149' title='bbox 615 2327 674 2390; x_wconf 92' lang='lat' dir='ltr'>illis</span> <span class='ocrx_word' id='word_1_150' title='bbox 698 2321 827 2408; x_wconf 82' lang='lat' dir='ltr'>liberis,</span> <span class='ocrx_word' id='word_1_151' title='bbox 859 2329 1044 2410; x_wconf 87' lang='lat' dir='ltr'>praedicunt</span> <span class='ocrx_word' id='word_1_152' title='bbox 1068 2351 1110 2394; x_wconf 86' lang='lat' dir='ltr'>ex</span> 
     </span>
     <span class='ocr_line' id='line_1_21' title="bbox 2 2421 1152 2531; baseline -0.001 -34"><span class='ocrx_word' id='word_1_153' title='bbox 2 2421 15 2465; x_wconf 55' lang='lat'><em>⁷</em></span> <span class='ocrx_word' id='word_1_154' title='bbox 100 2433 240 2521; x_wconf 80' lang='lat' dir='ltr'>paternis</span> <span class='ocrx_word' id='word_1_155' title='bbox 257 2431 425 2531; x_wconf 80' lang='lat' dir='ltr'>sideribus.</span> <span class='ocrx_word' id='word_1_156' title='bbox 470 2432 540 2496; x_wconf 91' lang='lat' dir='ltr'>Imo</span> <span class='ocrx_word' id='word_1_157' title='bbox 563 2441 594 2492; x_wconf 84' lang='lat' dir='ltr'>ot</span> <span class='ocrx_word' id='word_1_158' title='bbox 614 2451 662 2492; x_wconf 76' lang='lat' dir='ltr'>err</span> <span class='ocrx_word' id='word_1_159' title='bbox 675 2431 809 2496; x_wconf 87' lang='lat' dir='ltr'>fratrum</span> <span class='ocrx_word' id='word_1_160' title='bbox 837 2432 992 2496; x_wconf 87' lang='lat' dir='ltr'>sideribus</span> <span class='ocrx_word' id='word_1_161' title='bbox 1022 2455 1109 2496; x_wconf 87' lang='lat' dir='ltr'>mor·</span> <span class='ocrx_word' id='word_1_162' title='bbox 1138 2425 1152 2504; x_wconf 75' lang='grc'>,“</span> 
     </span>
    </p>
   </div>
   <div class='ocr_carea' id='block_1_14' title="bbox 101 2528 1110 2938">
    <p class='ocr_par' dir='ltr' id='par_1_14' title="bbox 101 2528 1110 2938">
     <span class='ocr_line' id='line_1_22' title="bbox 102 2528 1109 2626; baseline -0.002 -26"><span class='ocrx_word' id='word_1_163' title='bbox 102 2549 148 2606; x_wconf 88' lang='lat' dir='ltr'>tes</span> <span class='ocrx_word' id='word_1_164' title='bbox 169 2528 297 2626; x_wconf 71' lang='lat' dir='ltr'>patrimi</span> <span class='ocrx_word' id='word_1_165' title='bbox 308 2581 319 2612; x_wconf 8' lang='grc' dir='ltr'>Ἴ,</span> <span class='ocrx_word' id='word_1_166' title='bbox 352 2557 395 2598; x_wconf 80' lang='lat' dir='ltr'>ex</span> <span class='ocrx_word' id='word_1_167' title='bbox 417 2533 580 2600; x_wconf 81' lang='lat' dir='ltr'>mulierum</span> <span class='ocrx_word' id='word_1_168' title='bbox 602 2533 756 2596; x_wconf 88' lang='lat' dir='ltr'>sideribus</span> <span class='ocrx_word' id='word_1_169' title='bbox 779 2547 897 2599; x_wconf 87' lang='lat' dir='ltr'>mortes</span> <span class='ocrx_word' id='word_1_170' title='bbox 924 2535 1109 2605; x_wconf 89' lang='lat' dir='ltr'>maritorum</span> 
     </span>
     <span class='ocr_line' id='line_1_23' title="bbox 103 2625 1110 2731; baseline -0.001 -28"><span class='ocrx_word' id='word_1_171' title='bbox 103 2653 135 2706; x_wconf 90' lang='lat' dir='ltr'>et</span> <span class='ocrx_word' id='word_1_172' title='bbox 155 2641 226 2704; x_wconf 83' lang='lat' dir='ltr'>vioe</span> <span class='ocrx_word' id='word_1_173' title='bbox 252 2655 358 2707; x_wconf 71' lang='lat' dir='ltr'>verse.</span> <span class='ocrx_word' id='word_1_174' title='bbox 403 2625 577 2718; x_wconf 79' lang='lat' dir='ltr'>Quomodo</span> <span class='ocrx_word' id='word_1_175' title='bbox 598 2657 679 2721; x_wconf 83' lang='lat' dir='ltr'>ergo</span> <span class='ocrx_word' id='word_1_176' title='bbox 703 2638 863 2703; x_wconf 82' lang='lat' dir='ltr'>stellarum</span> <span class='ocrx_word' id='word_1_177' title='bbox 887 2638 973 2702; x_wconf 85' lang='lat' dir='ltr'>eirea</span> <span class='ocrx_word' id='word_1_178' title='bbox 997 2661 1110 2731; x_wconf 63' lang='lat' dir='ltr'>unum7</span> 
     </span>
     <span class='ocr_line' id='line_1_24' title="bbox 103 2737 1110 2833; baseline 0 -27"><span class='ocrx_word' id='word_1_179' title='bbox 103 2737 260 2833; x_wconf 56' lang='lat' dir='ltr'>quemquo</span> <span class='ocrx_word' id='word_1_180' title='bbox 286 2753 464 2822; x_wconf 74' lang='lat' dir='ltr'>nascentem</span> <span class='ocrx_word' id='word_1_181' title='bbox 489 2739 633 2822; x_wconf 91' lang='lat' dir='ltr'>positura</span> <span class='ocrx_word' id='word_1_182' title='bbox 660 2740 693 2808; x_wconf 86' lang='lat' dir='ltr'>id</span> <span class='ocrx_word' id='word_1_183' title='bbox 717 2741 850 2817; x_wconf 72' lang='lat' dir='ltr'>efficiet,</span> <span class='ocrx_word' id='word_1_184' title='bbox 875 2740 1046 2825; x_wconf 90' lang='lat' dir='ltr'>quodiam</span> <span class='ocrx_word' id='word_1_185' title='bbox 1069 2764 1110 2807; x_wconf 78' lang='lat' dir='ltr'>ex</span> 
     </span>
     <span class='ocr_line' id='line_1_25' title="bbox 101 2841 1109 2938; baseline -0.002 -28"><span class='ocrx_word' id='word_1_186' title='bbox 101 2847 245 2930; x_wconf 76' lang='lat' dir='ltr'>patribus</span> <span class='ocrx_word' id='word_1_187' title='bbox 279 2857 369 2916; x_wconf 66' lang='lat' dir='ltr'>mant</span> <span class='ocrx_word' id='word_1_188' title='bbox 397 2841 563 2930; x_wconf 73' lang='lat' dir='ltr'>habittui?</span> <span class='ocrx_word' id='word_1_189' title='bbox 600 2843 682 2906; x_wconf 88' lang='lat' dir='ltr'>Nam</span> <span class='ocrx_word' id='word_1_190' title='bbox 712 2855 765 2910; x_wconf 84' lang='lat' dir='ltr'>aut</span> <span class='ocrx_word' id='word_1_191' title='bbox 795 2843 850 2912; x_wconf 87' lang='lat' dir='ltr'>illa</span> <span class='ocrx_word' id='word_1_192' title='bbox 876 2845 986 2926; x_wconf 83' lang='lat' dir='ltr'>priora</span> <span class='ocrx_word' id='word_1_193' title='bbox 1017 2857 1109 2938; x_wconf 89' lang='lat' dir='ltr'>eruut</span> 
     </span>
    </p>
   </div>
   <div class='ocr_carea' id='block_1_15' title="bbox 103 2946 1236 3040">
    <p class='ocr_par' dir='ltr' id='par_1_15' title="bbox 103 2946 1236 3040">
     <span class='ocr_line' id='line_1_26' title="bbox 103 2946 1236 3040; baseline -0.008 -26"><span class='ocrx_word' id='word_1_194' title='bbox 103 2973 185 3035; x_wconf 71' lang='lat' dir='ltr'>quiae</span> <span class='ocrx_word' id='word_1_195' title='bbox 216 2949 249 3014; x_wconf 91' lang='lat' dir='ltr'>id</span> <span class='ocrx_word' id='word_1_196' title='bbox 273 2949 425 3025; x_wconf 83' lang='lat' dir='ltr'>efficiunt,</span> <span class='ocrx_word' id='word_1_197' title='bbox 468 2955 528 3012; x_wconf 87' lang='lat' dir='ltr'>&#39;aut</span> <span class='ocrx_word' id='word_1_198' title='bbox 552 2946 580 3009; x_wconf 87' lang='lat' dir='ltr'>si</span> <span class='ocrx_word' id='word_1_199' title='bbox 604 2969 668 3014; x_wconf 88' lang='lat' dir='ltr'>uon</span> <span class='ocrx_word' id='word_1_200' title='bbox 690 2946 761 3031; x_wconf 74' lang='lat' dir='ltr'>illa,</span> <span class='ocrx_word' id='word_1_201' title='bbox 796 2967 836 3008; x_wconf 87' lang='lat' dir='ltr'>ne</span> <span class='ocrx_word' id='word_1_202' title='bbox 863 2947 942 3012; x_wconf 81' lang='lat' dir='ltr'>haee</span> <span class='ocrx_word' id='word_1_203' title='bbox 969 2947 1107 3032; x_wconf 78' lang='lat' dir='ltr'>quidem.</span> <span class='ocrx_word' id='word_1_204' title='bbox 1146 3030 1149 3040; x_wconf 33' lang='grc' dir='ltr'>Ι</span> <span class='ocrx_word' id='word_1_205' title='bbox 1232 2965 1236 3005; x_wconf 83' lang='lat'><em>1</em></span> 
     </span>
    </p>
   </div>
   <div class='ocr_carea' id='block_1_16' title="bbox 101 3044 1124 3755">
    <p class='ocr_par' dir='ltr' id='par_1_16' title="bbox 101 3044 1124 3755">
     <span class='ocr_line' id='line_1_27' title="bbox 103 3044 1109 3132; baseline -0.002 -14"><span class='ocrx_word' id='word_1_206' title='bbox 103 3055 279 3118; x_wconf 85' lang='lat' dir='ltr'>Praeterea</span> <span class='ocrx_word' id='word_1_207' title='bbox 307 3052 474 3116; x_wconf 86' lang='lat' dir='ltr'>similitudo</span> <span class='ocrx_word' id='word_1_208' title='bbox 503 3051 534 3113; x_wconf 93' lang='lat' dir='ltr'>in</span> <span class='ocrx_word' id='word_1_209' title='bbox 561 3049 676 3120; x_wconf 81' lang='lat' dir='ltr'>formis</span> <span class='ocrx_word' id='word_1_210' title='bbox 700 3044 792 3132; x_wconf 80' lang='lat' dir='ltr'>quam</span> <span class='ocrx_word' id='word_1_211' title='bbox 814 3049 879 3116; x_wconf 82' lang='lat' dir='ltr'>nati</span> <span class='ocrx_word' id='word_1_212' title='bbox 901 3071 971 3112; x_wconf 85' lang='lat' dir='ltr'>omn</span> <span class='ocrx_word' id='word_1_213' title='bbox 994 3071 1109 3132; x_wconf 82' lang='lat' dir='ltr'>paren·</span> 
     </span>
     <span class='ocr_line' id='line_1_28' title="bbox 103 3133 1109 3234; baseline -0.006 -14"><span class='ocrx_word' id='word_1_214' title='bbox 103 3158 188 3220; x_wconf 86' lang='lat' dir='ltr'>tibus</span> <span class='ocrx_word' id='word_1_215' title='bbox 217 3157 351 3230; x_wconf 86' lang='lat' dir='ltr'>habeut,</span> <span class='ocrx_word' id='word_1_216' title='bbox 388 3154 524 3218; x_wconf 86' lang='lat' dir='ltr'>ostendit</span> <span class='ocrx_word' id='word_1_217' title='bbox 553 3133 597 3218; x_wconf 78' lang='lat' dir='ltr'>et¹</span> <span class='ocrx_word' id='word_1_218' title='bbox 612 3151 876 3234; x_wconf 84' lang='lat' dir='ltr'>pulchritudinem</span> <span class='ocrx_word' id='word_1_219' title='bbox 893 3145 936 3216; x_wconf 56' lang='lat' dir='ltr'>&#39;et</span> <span class='ocrx_word' id='word_1_220' title='bbox 959 3152 1109 3215; x_wconf 83' lang='lat' dir='ltr'>deformi-</span> 
     </span>
     <span class='ocr_line' id='line_1_29' title="bbox 103 3251 1110 3341; baseline -0.004 -19"><span class='ocrx_word' id='word_1_221' title='bbox 103 3271 201 3328; x_wconf 82' lang='lat' dir='ltr'>tatem</span> <span class='ocrx_word' id='word_1_222' title='bbox 229 3275 280 3320; x_wconf 81' lang='lat' dir='ltr'>ex·</span> <span class='ocrx_word' id='word_1_223' title='bbox 301 3256 432 3341; x_wconf 85' lang='lat' dir='ltr'>propria</span> <span class='ocrx_word' id='word_1_224' title='bbox 466 3257 573 3321; x_wconf 86' lang='lat' dir='ltr'>venire</span> <span class='ocrx_word' id='word_1_225' title='bbox 604 3255 750 3340; x_wconf 82' lang='lat' dir='ltr'>origine,</span> <span class='ocrx_word' id='word_1_226' title='bbox 775 3252 778 3256; x_wconf 75' lang='grc'><strong>’</strong></span> <span class='ocrx_word' id='word_1_227' title='bbox 799 3251 865 3322; x_wconf 84' lang='lat' dir='ltr'>uon</span> <span class='ocrx_word' id='word_1_228' title='bbox 899 3276 917 3318; x_wconf 89' lang='lat' dir='ltr'>e</span> <span class='ocrx_word' id='word_1_229' title='bbox 948 3256 1110 3318; x_wconf 85' lang='lat' dir='ltr'>stellarum</span> 
     </span>
     <span class='ocr_line' id='line_1_30' title="bbox 101 3357 1109 3440; baseline -0.005 -14"><span class='ocrx_word' id='word_1_230' title='bbox 101 3379 214 3428; x_wconf 82' lang='lat' dir='ltr'>eursu.</span> <span class='ocrx_word' id='word_1_231' title='bbox 259 3361 310 3426; x_wconf 88' lang='lat' dir='ltr'>Ae</span> <span class='ocrx_word' id='word_1_232' title='bbox 332 3358 481 3430; x_wconf 81' lang='lat' dir='ltr'>credibile</span> <span class='ocrx_word' id='word_1_233' title='bbox 504 3372 552 3428; x_wconf 88' lang='lat' dir='ltr'>est</span> <span class='ocrx_word' id='word_1_234' title='bbox 567 3360 682 3430; x_wconf 86' lang='lat' dir='ltr'>¹iisdem</span> <span class='ocrx_word' id='word_1_235' title='bbox 710 3358 907 3440; x_wconf 86' lang='lat' dir='ltr'>temporibus</span> <span class='ocrx_word' id='word_1_236' title='bbox 936 3359 1033 3422; x_wconf 86' lang='lat' dir='ltr'>multa</span> <span class='ocrx_word' id='word_1_237' title='bbox 1066 3357 1109 3422; x_wconf 87' lang='lat' dir='ltr'>si·</span> 
     </span>
     <span class='ocr_line' id='line_1_31' title="bbox 104 3449 1124 3546; baseline -0.006 -18"><span class='ocrx_word' id='word_1_238' title='bbox 104 3467 170 3540; x_wconf 85' lang='lat' dir='ltr'>mul</span> <span class='ocrx_word' id='word_1_239' title='bbox 200 3462 386 3539; x_wconf 83' lang='lat' dir='ltr'>animantia,</span> <span class='ocrx_word' id='word_1_240' title='bbox 418 3463 533 3528; x_wconf 88' lang='lat' dir='ltr'>multos</span> <span class='ocrx_word' id='word_1_241' title='bbox 556 3462 647 3530; x_wconf 82' lang='lat' dir='ltr'>simul</span> <span class='ocrx_word' id='word_1_242' title='bbox 675 3463 817 3526; x_wconf 86' lang='lat' dir='ltr'>homines</span> <span class='ocrx_word' id='word_1_243' title='bbox 848 3460 957 3546; x_wconf 80' lang='lat' dir='ltr'>gigni,</span> <span class='ocrx_word' id='word_1_244' title='bbox 994 3449 1124 3544; x_wconf 79' lang='lat' dir='ltr'>quibus</span> 
     </span>
     <span class='ocr_line' id='line_1_32' title="bbox 103 3565 1110 3640; baseline -0.004 -8"><span class='ocrx_word' id='word_1_245' title='bbox 103 3568 252 3636; x_wconf 90' lang='lat' dir='ltr'>omuibus</span> <span class='ocrx_word' id='word_1_246' title='bbox 282 3565 387 3638; x_wconf 81' lang='lat' dir='ltr'>omnia</span> <span class='ocrx_word' id='word_1_247' title='bbox 419 3567 571 3632; x_wconf 84' lang='lat' dir='ltr'>deberent</span> <span class='ocrx_word' id='word_1_248' title='bbox 598 3565 725 3636; x_wconf 82' lang='lat' dir='ltr'>evenire</span> <span class='ocrx_word' id='word_1_249' title='bbox 757 3567 886 3640; x_wconf 82' lang='lat' dir='ltr'>eadem,</span> <span class='ocrx_word' id='word_1_250' title='bbox 926 3585 996 3628; x_wconf 88' lang='lat' dir='ltr'>eum</span> <span class='ocrx_word' id='word_1_251' title='bbox 1028 3566 1110 3634; x_wconf 84' lang='lat' dir='ltr'>idem</span> 
     </span>
     <span class='ocr_line' id='line_1_33' title="bbox 101 3666 1110 3755; baseline -0.006 -19"><span class='ocrx_word' id='word_1_252' title='bbox 101 3672 201 3744; x_wconf 77' lang='lat' dir='ltr'>fuerit</span> <span class='ocrx_word' id='word_1_253' title='bbox 229 3671 308 3734; x_wconf 79' lang='lat' dir='ltr'>caeli</span> <span class='ocrx_word' id='word_1_254' title='bbox 340 3681 541 3751; x_wconf 83' lang='lat' dir='ltr'>conspectus.</span> <span class='ocrx_word' id='word_1_255' title='bbox 601 3667 772 3748; x_wconf 83' lang='lat' dir='ltr'>Quomodo</span> <span class='ocrx_word' id='word_1_256' title='bbox 802 3666 901 3755; x_wconf 84' lang='lat' dir='ltr'>igitur</span> <span class='ocrx_word' id='word_1_257' title='bbox 934 3689 975 3734; x_wconf 86' lang='lat' dir='ltr'>ex</span> <span class='ocrx_word' id='word_1_258' title='bbox 1001 3667 1110 3742; x_wconf 79' lang='lat' dir='ltr'>iisdem</span> 
     </span>
    </p>
   </div>
   <div class='ocr_carea' id='block_1_17' title="bbox 100 3768 1014 3936">
    <p class='ocr_par' dir='ltr' id='par_1_17' title="bbox 100 3768 1014 3936">
     <span class='ocr_line' id='line_1_34' title="bbox 100 3768 1014 3870; baseline -0.007 -30"><span class='ocrx_word' id='word_1_259' title='bbox 100 3775 268 3846; x_wconf 78' lang='lat' dir='ltr'>stellarum</span> <span class='ocrx_word' id='word_1_260' title='bbox 289 3772 401 3858; x_wconf 82' lang='lat' dir='ltr'>figuris</span> <span class='ocrx_word' id='word_1_261' title='bbox 424 3771 567 3840; x_wconf 81' lang='lat' dir='ltr'>orientur</span> <span class='ocrx_word' id='word_1_262' title='bbox 582 3781 621 3870; x_wconf 85' lang='lat' dir='ltr'>¹et</span> <span class='ocrx_word' id='word_1_263' title='bbox 641 3768 783 3840; x_wconf 73' lang='lat' dir='ltr'>homines</span> <span class='ocrx_word' id='word_1_264' title='bbox 807 3783 838 3838; x_wconf 84' lang='lat' dir='ltr'>et</span> <span class='ocrx_word' id='word_1_265' title='bbox 859 3783 909 3836; x_wconf 89' lang='lat' dir='ltr'>tot</span> <span class='ocrx_word' id='word_1_266' title='bbox 931 3769 1014 3838; x_wconf 76' lang='lat' dir='ltr'>alia?</span> 
     </span>
     <span class='ocr_line' id='line_1_35' title="bbox 574 3873 639 3936; baseline -0.031 0"><span class='ocrx_word' id='word_1_267' title='bbox 574 3873 639 3936; x_wconf 87' lang='lat' dir='ltr'>Vl.</span> 
     </span>
    </p>
   </div>
   <div class='ocr_carea' id='block_1_18' title="bbox 1094 3829 1111 3858">
    <p class='ocr_par' dir='ltr' id='par_1_18' title="bbox 1094 3829 1111 3858">
     <span class='ocr_line' id='line_1_36' title="bbox 1094 3829 1111 3858; baseline 0 0"><span class='ocrx_word' id='word_1_268' title='bbox 1094 3829 1111 3858; x_wconf 66' lang='grc' dir='ltr'><em>Ω</em></span> 
     </span>
    </p>
   </div>
   <div class='ocr_carea' id='block_1_19' title="bbox 167 3974 1228 4063">
    <p class='ocr_par' dir='ltr' id='par_1_19' title="bbox 167 3974 1228 4063">
     <span class='ocr_line' id='line_1_37' title="bbox 167 3974 1228 4063; baseline -0.005 -18"><span class='ocrx_word' id='word_1_269' title='bbox 167 3979 215 4056; x_wconf 80' lang='lat' dir='ltr'>At</span> <span class='ocrx_word' id='word_1_270' title='bbox 237 3999 317 4047; x_wconf 84' lang='lat' dir='ltr'>vero</span> <span class='ocrx_word' id='word_1_271' title='bbox 340 3976 485 4046; x_wconf 86' lang='lat' dir='ltr'>oriuntur</span> <span class='ocrx_word' id='word_1_272' title='bbox 506 3976 630 4063; x_wconf 83' lang='lat' dir='ltr'>singula</span> <span class='ocrx_word' id='word_1_273' title='bbox 651 3995 714 4059; x_wconf 88' lang='lat' dir='ltr'>pro</span> <span class='ocrx_word' id='word_1_274' title='bbox 740 3974 806 4040; x_wconf 88' lang='lat' dir='ltr'>suis</span> <span class='ocrx_word' id='word_1_275' title='bbox 833 3976 972 4058; x_wconf 68' lang='lat' dir='ltr'>naturis3</span> <span class='ocrx_word' id='word_1_276' title='bbox 1009 3997 1109 4063; x_wconf 80' lang='lat' dir='ltr'>equus</span> <span class='ocrx_word' id='word_1_277' title='bbox 1219 3977 1228 3986; x_wconf 80' lang='grc'><strong><em>’</em></strong></span> 
     </span>
    </p>
   </div>
   <div class='ocr_carea' id='block_1_20' title="bbox 687 4077 815 4184">
    <p class='ocr_par' dir='ltr' id='par_1_20' title="bbox 687 4077 815 4184">
     <span class='ocr_line' id='line_1_38' title="bbox 687 4077 815 4184; baseline 0.008 -43"><span class='ocrx_word' id='word_1_278' title='bbox 687 4077 815 4184; x_wconf 27' lang='grc'>,13</span> 
     </span>
    </p>
   </div>
   <div class='ocr_carea' id='block_1_21' title="bbox 0 0 1373 4758">
    <p class='ocr_par' dir='ltr' id='par_1_21' title="bbox 0 0 1373 4758">
     <span class='ocr_line' id='line_1_39' title="bbox 0 0 1373 4758; baseline 0 0"><span class='ocrx_word' id='word_1_279' title='bbox 0 0 1373 4758; x_wconf 95' lang='lat' dir='ltr'> </span> 
     </span>
    </p>
   </div>
  </div>
 </body>
</html>
