2728 4758
262 399 322 464 228

265 565 335 635 τών
350 565 446 661 τῇδε,
472 561 661 654 γινώσκοιιν
684 553 786 632 ἀντά·
815 560 855 634 οὐ
876 563 941 659 γάρ
962 569 1083 654 θέμις,
1104 565 1261 641 σιἰδόῖόν

265 691 300 739 τε
322 667 428 749 θεοὺς
447 665 512 740 ὑπὸ
537 665 694 761 χειρόνων
713 674 777 736 ,καὶ
802 665 848 757 μὴ
882 665 984 738 όντων
1015 675 1053 758 γε’
1083 691 1133 739 πω
1161 676 1263 742 διατί-

267 774 429 844 θεσθαι.4
466 767 554 839 Ἐπεὶ
584 767 829 842 κινδυνεύουσιν
853 771 902 839 ἔτι
930 777 963 840 οἱ
983 771 1091 854 θεοὺς
1107 783 1167 896 μὲν
1188 780 1266 846 ἐῖναι

267 875 466 961 νομίζοντες,
502 871 562 956 τὴν
590 877 626 940 δὲ
654 881 726 992 περὶ
754 870 803 942 τόν.
826 871 947 970 τῇδι’
927 877 1049 944 αυτῶν
1045 874 1214 969 πρόνοιάν
1233 907 1265 950 τι

267 981 323 1043 καί
339 979 554 1098 ἑιμαρμενην
573 972 787 1100 ἀναιροῦντες
804 971 850 1061 ⁴),
885 983 941 1050 καὶ
962 975 1027 1060 τὴν
1041 983 1114 1072 περὶ
1133 979 1183 1052 τά
1197 985 1266 1078 τηδι

174 1163 177 1170 ,
267 1073 374 1148 ἀυτών
377 1081 514 1198 γνῶσιν
535 1074 700 1170 ἀναιρεῖν
722 1076 787 1149 οὐτ’
811 1077 852 1150 ἀν
867 1082 911 1175 τῳ
896 1082 1154 1154 διατίθεσθαι
1168 1089 1267 1178 κρείτ-

266 1205 344 1260 τους
365 1177 432 1250 ὑπὸ
453 1177 610 1274 χειρόνων
631 1179 872 1269 γινωσκόντων,
892 1180 959 1252 οάτ
983 1182 1024 1255 ἀν
1046 1189 1093 1254 τώ
1115 1191 1266 1258 διατιθέ-

264 1307 338 1367 ναι,
367 1285 454 1376 ἐίπερ
471 1280 596 1373 μηδέ’
576 1285 678 1362 οἰιιοι
700 1283 819 1356 ἐισλν’
799 1289 922 1356 αυτών
955 1285 1093 1376 (ἀνάγκη
1115 1288 1182 1385 γὰρ
1202 1294 1267 1362 πάν

266 1383 304 1454 τὸ
324 1390 496 1475 γινώσκοι
514 1384 536 1469 ἢ
566 1383 660 1483 ἀιτίρι
685 1395 742 1458 και
764 1391 810 1482 τῷ
832 1392 1100 1474 διατιθέναι,”
1082 1390 1109 1475 η’
1137 1396 1275 1483 μεθέξει·

266 1495 322 1568 καὶ
359 1491 405 1583 τῷ
440 1457 668 1560 διατίθεσθαι
698 1489 882 1584 γινώσκειν,
931 1492 1039 1576 άλλως
1073 1490 1103 1564 δ
1139 1495 1200 1566 σιἰκ
1223 1495 1269 1568 ἀν

265 1560 411 1680 γνώσεώς
432 1588 678 1682 συμβαινούσης
702 1590 749 1684 μή
765 1651 767 1660 ,
781 1620 870 1677 τινος
897 1593 939 1668 ἀν
969 1603 1026 1666 καὶ
1052 1597 1267 1686 γινώσκοντος

265 1691 348 1788 πρὸς
362 1693 515 1782 γνωστόν
535 1720 705 1777 κοινωνιας
725 1704 937 1788 γιγνομένης.)
971 1697 1061 1770 ’Έιτε
1082 1711 1143 1772 καὶ
1170 1701 1267 1773 ἀίτωι

263 1799 378 1884 μένῗ
346 1823 407 1866 ειεν
430 1799 495 1866 τῶν
521 1800 596 1894 τῇδε
620 1803 653 1867 οἱ
678 1805 775 1883 θεοί,
817 1801 867 1892 μὴ
883 1799 1009 1900 ἀνάγκη
1030 1809 1066 1874 δέ
1094 1801 1217 1896 μηδ’
1196 1833 1268 1900 ωρι-

191 1894 193 1906 '
267 1903 389 1988 σμίνως
411 1902 472 1968 ε’ῑεν
492 1896 609 1984 ἀίτιοι,
631 1894 676 1971 ών
695 1901 736 1972 ἀν
757 1901 858 1974 ἀίτιοι
875 1907 1053 2030 γίγνοιντο·
1074 1902 1186 2002 ουδ’
1169 1907 1268 1988 0333,-

265 2000 307 2077 ἂν
328 1994 481 2072 ἐιδεῑεν“
458 2029 543 2076 αττοι
563 2014 643 2073 ποτὲ
668 2003 846 2136 δράσουσι,
873 2037 921 2135 μη
945 2007 1005 2078 οάιι
1027 2007 1217 2100 ἀναγκαίως
1237 2038 1269 2083 τι
1348 2095 1352 2107 ,

265 2101 341 2188 ἐξ
321 2108 439 2184 αιώνος
460 2104 543 2197 πρὸς
564 2105 651 2178 ἀυτά
672 2114 727 2178 καὶ
749 2107 1007 2242 ἀπαρατρέπτως
1027 2114 1171 2204 ἔχοντες
1201 2113 1266 2186 ἀλλ’

266 2205 332 2277 ὁίτε
350 2211 472 2278 θεοί”
455 2226 547 2282 ἰσασι
568 2209 611 2278 τά
631 2207 787 2300 ἐσόμενα,
807 2221 867 2284 και
882 2211 1113 2309 ἀνθρώπανῖ
1082 2219 1271 2318 οἴςπεράν’

266 2314 435 2394 ἐθέλοιεν,
471 2318 527 2382 καί
551 2309 728 2398 καθόσον,
763 2319 1040 2410 προσημαίνουσι.
1101 2327 1178 2394 Καί
1205 2351 1268 2396 τισι

241 2411 320 2482 κάλ
344 2411 626 2539 προμεμαθηκόσι
652 2441 716 2487 των
743 2421 920 2510 ἐσομένων,
953 2421 1042 2492 ἔστιν
1057 2419 1094 2494 3
1117 2434 1180 2498 καὶ·
1205 2457 1271 2500 πει-

264 2522 420 2609 ρωμένοις
446 2521 637 2648 διαφυγεῖν,
676 2519 772 2592 οὐδὲν
803 2513 902 2606 ἦττον
926 2523 1062 2652 ἀφυκτά
1081 2551 1124 2600 τε
1158 2529 1270 2615 ἀυτοῖς

263 2623 467 2708 ἐγένετοκαὶ
490 2619 789 2717 ἀναπόδραστα
752 2651 799 2694 τοι
815 2634 1028 2720 πεπραμένα,
1055 2635 1130 2716 ’τοῖς
1160 2641 1200 2706 δὲ
1217 2644 1270 2706 καλ

263 2720 371 2816 ἀντῷ
376 2720 487 2817 τούτῳ
519 2726 565 2817 τῷ
598 2734 905 2819 προμεμαθηκέναι
926 2757 961 2801 τι
995 2740 1051 2803 καί
1078 2741 1272 2832 πειρᾶσθαι

219 2879 222 2883 -
262 2829 457 2920 διαφυγειν,
504 2833 583 2913 τοῖς
607 2837 828 2924 πεπρωμένοις
857 2843 1038 2928 περιπεσεῖν
1070 2847 1198 2932 συνέβη
1226 2845 1272 2929 ⁵),

263 2924 349 2996 όότα
376 2949 442 2998 που
459 2935 529 2999 καί
553 2933 653 3002 τοῦτο
682 2937 875 3027 ἐιμωρμενον
901 2935 1030 3022 ἀυτοις·
1073 2940 1204 3018 δόκουν
1233 2945 1278 3018 ἀν·

262 3033 346 3104 ἐιναι
376 3029 557 3118 ἀνάλυσιν,
607 3034 683 3105 οὐδὲ
713 3038 933 3162 παρατροπυν
963 3069 1037 3114 τινα
1073 3058 1164 3130 τοῖς
1185 3044 1273 3134 ἀπαξ

262 3129 326 3206 ὑπὸ
359 3132 438 3215 Διός
466 3161 501 3205 τε
528 3140 739 3243 ἐγνωσμένοις
767 3141 845 3226 ἐξ
825 3148 958 3229 αιώνος,
1005 3155 1107 3280 κοιλ
1070 3151 1271 3284 ειμαρμένη

264 3241 458 3326 ἁεδιμένοιε·

275 3337 452 3412 ,”·Αλλ’
420 3369 465 3410 ιι
492 3340 613 3413 πάντα·
622 3340 777 3439 ώριστοιι,
809 3351 894 3444 φαίη
918 3350 960 3422 ἀν
980 3375 1052 3440 τις,
1085 3367 1147 3428 καί
1179 3359 1275 3432 ουδέν

263 3434 326 3525 όπι
339 3443 393 3534 ,μη
410 3442 561 3534 ἀνάγκης
579 3452 751 3572 μετείληφε
772 3454 835 3522 τών
856 3451 959 3525 όντων
980 3469 1092 3530 τεκαὶ
1118 3491 1276 3555 γιγνομιι

261 3570 341 3630 κων,
378 3548 426 3616 ἔτι
441 3576 474 3618 τε
503 3553 567 3620 τῶν
596 3548 828 3645 ἀνθρώπων’
812 3555 920 3647 οἰχοιά
950 3557 1035 3646 ἀνυ
1071 3567 1279 3695 ἐλευθερία,ἶ

152 3717 160 3728 ,
260 3656 317 3718 και
341 3648 362 3732 3
388 3654 496 3736 δίκη’
480 3679 515 3721 εκ
536 3655 602 3724 τών
620 3658 728 3742 θιών,
758 3661 821 3728 τῶν
844 3659 1164 3758 μὲνάνθρώπαν’
1142 3671 1269 3768 ανάγκη

260 3745 334 3823 ἀττ
359 3751 402 3826 ἀν
432 3752 608 3847 πράττοιεν
637 3759 862 3852 πραττόντων,
892 3773 950 3835 aaz
981 3767 1097 3844 οάκέτι
1126 3773 1196 3844 οὐτ’
1230 3775 1271 3844 δα

259 3857 378 3948 κυρίαν
408 3859 531 3927 εαυτών
553 3858 682 3942 εόντων,
709 3861 783 3932 οὐτ’
817 3863 875 3936 ἀν’
891 3871 1093 3998 ἐλευθέραν,
1139 3882 1232 3949 τῶν
1226 3883 1269 3948 δέ

258 3959 402 4031 θεῶν’
382 3986 463 4043 ητοιι
491 3959 707 4057 τοπαράπαν
721 3964 919 4061 ἀφεστώτων
936 3972 989 4044 ἀν
1002 3981 1106 4046 ‘3031
1101 3971 1277 4066 κολάζειν·1
