2758 4760
116 637 208 700 etlam
230 635 262 699 in
284 645 399 698 nostro
419 628 569 708 arbitrio,
593 632 626 695 id
648 646 729 698 vero
750 636 828 700 adeo
846 634 1125 718 perspicuumst,

115 753 150 804 nt
172 761 213 802 ne
241 737 288 802 illi
315 737 465 821 quidem,
503 736 557 821 qui
585 757 637 799 res
663 737 735 801 Fati
759 749 906 822 tauquam
930 737 1132 814 necessarias,

116 845 335 906 corroborare
353 839 533 916 enituntur,
568 839 642 902 huie
658 840 776 921 placito
793 841 965 904 reclamare
985 839 1123 924 possint.

115 945 238 1028 Atqui,
277 943 304 1008 si
326 943 442 1036 aliquid
466 956 513 1005 est
532 941 565 1006 in
591 953 704 1006 nostro
730 943 883 1021 arbitrio,
916 945 1013 1028 idque
1040 945 1124 1010 circa
1185 985 1189 993 -

115 1070 153 1110 ea
193 1059 357 1123 versatur,
407 1046 492 1109 circa
524 1064 604 1129 quae
643 1046 766 1108 versari
801 1049 914 1110 Fatum
946 1047 1122 1133 contingit,

113 1151 175 1214 iarn
200 1150 325 1214 tollitur
347 1151 461 1212 Fatum
486 1169 555 1212 csse
576 1147 777 1224 inevitabile,
809 1149 1042 1232 insuperabile,
1067 1173 1127 1214 ne··

114 1252 299 1316 cessarium.
343 1254 489 1333 Quorum
514 1251 595 1314 enim
620 1273 680 1315 nos
706 1250 860 1334 principia
881 1275 987 1316 sumus
1011 1267 1046 1316 ut
1069 1255 1125 1317 eli·

113 1377 225 1442 gamus
257 1355 310 1418 vel
329 1377 416 1432 non,
454 1357 533 1417 haec
559 1354 752 1438 impossibile
784 1367 849 1433 est,
888 1368 923 1418 ut
951 1368 1062 1420 coacta
1094 1369 1128 1420 et

113 1458 292 1540 necessaria
322 1479 391 1522 esse
418 1457 572 1521 dicantur.
629 1459 731 1543 Atqui
754 1480 884 1524 necesse
914 1472 961 1523 est
990 1460 1125 1543 eosqui

112 1575 259 1626 asserunt
280 1561 393 1625 Fatum
426 1583 510 1639 esse,
550 1562 634 1626 cirea
663 1584 699 1626 ea
724 1563 847 1626 versari
878 1562 1002 1639 dicere,
1039 1563 1124 1628 circa

112 1687 196 1750 qnae
212 1678 380 1729 versantur
395 1687 475 1748 quae
495 1663 528 1727 in
542 1677 655 1729 nostro
668 1665 801 1730 arbitrio
816 1679 901 1729 sum.
947 1666 1021 1730 Sive
1041 1666 1122 1730 enim
1221 1673 1225 1686 “

111 1770 202 1833 solos
221 1768 299 1832 fines
320 1768 424 1832 dicant
444 1770 615 1832 secundum
640 1769 754 1831 Fatum
775 1769 861 1846 fieri,
893 1768 961 1832 sive
984 1768 1123 1832 actiones

111 1894 190 1956 quas
212 1871 291 1934 fines
313 1883 505 1955 sequuntur,
530 1869 687 1957 contingit
706 1884 845 1956 utroque
865 1869 961 1937 modo
981 1883 1018 1934 ut
1039 1872 1123 1936 cirea

27 2011 31 2027 ‚
111 1979 223 2040 eadem
246 1975 360 2038 Fatum
379 1996 508 2058 unoque
533 1977 630 2038 modo
651 1975 713 2052 sit,
738 1975 822 2040 circa
847 1997 929 2060 quae
950 1987 1123 2040 versantur

110 2100 193 2161 quae
218 2077 250 2140 iu
276 2076 439 2141 voluntate
461 2088 570 2140 nostra
594 2077 700 2160 posita
723 2090 808 2141 sunt.
853 2079 888 2142 Si
911 2078 1010 2163 igitur
1035 2079 1122 2161 quis·

111 2203 207 2265 qnam
237 2179 377 2245 actiones
405 2198 543 2264 quoque·
561 2179 645 2243 Fato
679 2199 748 2243 esse
782 2179 885 2258 dicat,
933 2181 1007 2244 hine
1035 2193 1124 2264 patet

110 2284 254 2368 positio,
289 2283 320 2346 in
345 2283 393 2346 his
418 2281 499 2346 enirn
520 2295 568 2346 est
586 2303 714 2366 quoque
737 2282 871 2346 liberum
891 2283 1073 2360 arbitrinm3¹
1095 2283 1123 2348 si

111 2401 217 2452 antem
242 2387 321 2450 fines
349 2390 529 2462 dumtaxat,
568 2408 704 2470 quornm
730 2387 832 2471 gratia
861 2386 1000 2450 actiones
1030 2397 1121 2464 suut,

110 2495 167 2556 sed
195 2503 273 2573 post
305 2491 383 2552 tales
410 2489 548 2554 actiones
579 2489 658 2551 tales
690 2490 768 2552 fines
800 2503 999 2574 sequuntur,
1039 2493 1124 2570 (non

112 2595 196 2660 enim
212 2615 260 2670 ea,
285 2614 366 2678 quae
382 2595 669 2676 quomodocunque
679 2594 764 2656 saeta
778 2605 862 2671 sunt,
886 2594 1027 2677 sequitur
1041 2593 1123 2658 idem

51 2761 53 2770 ,
111 2699 198 2778 linis)
216 2701 345 2760 necesse
367 2709 415 2760 est
431 2696 529 2781 igitur
548 2708 584 2757 ut
610 2695 749 2782 actiones
768 2718 913 2781 quoque,
945 2717 1023 2781 quas
1043 2695 1122 2760 fines
1209 2715 1212 2720 ·

112 2800 268 2866 eiusmodi
300 2811 490 2882 sequantur,
530 2799 615 2861 Fato
641 2811 769 2862 coactas
796 2821 865 2863 esse
888 2799 1003 2862 dicant.
1047 2801 1123 2864 N'on

111 2905 195 2968 enim
215 2916 366 2987 sequetur
387 2902 458 2965 finis
477 2903 645 2964 secundum
660 2903 774 2964 Fatum
795 2902 855 2964 nisi
877 2902 1016 2966 actiones
1030 2923 1124 2984 prae·

111 3006 265 3071 cesserint
279 3027 359 3090 quae
381 3026 421 3068 eo
436 3007 622 3087 perducant.
646 3005 689 3067 Et
703 3004 836 3066 liberum
852 3005 944 3068 etiam
960 3005 1123 3068 arbitrium
1210 3052 1214 3064 .

111 3110 197 3174 eirca
223 3111 302 3172 haec
323 3119 483 3174 versatur.
533 3109 614 3184 Esse
639 3106 720 3169 enirn
746 3106 862 3190 aliquid
882 3107 914 3169 in
934 3121 1047 3172 nostro
1071 3131 1122 3171 ar·

111 3213 227 3290 bitrio,
262 3213 335 3275 hinc
360 3211 451 3273 etiam
478 3210 588 3295 colligi
612 3222 739 3292 potest,
763 3209 916 3289 simodo
939 3209 971 3272 in
993 3210 1123 3274 evideu·
1194 3214 1196 3221 ‘

106 3318 196 3380 'tibus
221 3313 502 3379 demonstrationes
529 3316 727 3376 adducendae
750 3323 840 3388 sunt,
875 3297 1010 3395 primum
1038 3316 1125 3396 quod

111 3421 189 3482 nihil
218 3441 329 3482 eorum
359 3437 439 3501 quae
472 3431 491 3478 a
525 3428 636 3480 natura
665 3414 836 3502 praecipue
868 3415 967 3492 fiunt,
1004 3415 1125 3480 frustra

111 3523 192 3586 fiat:
230 3523 262 3585 in
287 3521 466 3585 hominibus
490 3530 592 3581 autern
623 3531 671 3582 est
699 3518 888 3582 consultatio
918 3519 1122 3598 naturaliter,

112 3638 143 3688 ct
161 3623 367 3707 praecipuum
387 3623 480 3687 etiam
498 3633 628 3696 naturae
646 3643 726 3704 opus
747 3621 912 3705 (siquidem
932 3642 968 3684 ea
990 3622 1125 3685 maxime

111 3729 242 3798 ,videtur
271 3729 370 3791 homo
402 3749 421 3789 a
451 3724 580 3808 reliquis
610 3724 815 3788 animantibus
850 3724 965 3788 distare
975 3709 1000 3804 ,l
1039 3737 1126 3788 certe

110 3833 233 3896 frustra
252 3843 284 3892 ct
298 3843 417 3893 temere
436 3829 520 3892 sacta
537 3821 613 3903 erit,
638 3826 665 3889 si
686 3829 866 3890 consultans
887 3827 966 3892 nihil
985 3849 1026 3890 ex
1045 3849 1127 3892 eon·

112 3933 183 3997 silio
207 3931 326 4017 eligere
347 3944 468 4014 potest.
511 3933 637 3993 Verum
660 3941 807 4013 tanquam
829 3931 862 3993 id
880 3930 912 3994 in
933 3943 1043 3996 nostra
1065 3953 1129 4014 poa

112 4048 226 4099 testate
249 4035 307 4112 sit,
347 4055 405 4098 nos
435 4033 496 4118 ipsi
521 4034 675 4098 derebus
699 4032 792 4134 nobis
818 4033 946 4118 agendis
969 4033 1127 4116 consulta·
1203 4103 1209 4125 Ἴ

790 4135 830 4197 to
