<?xml version="1.0" encoding="UTF-8"?>
<!DOCTYPE html PUBLIC "-//W3C//DTD XHTML 1.0 Transitional//EN"
    "http://www.w3.org/TR/xhtml1/DTD/xhtml1-transitional.dtd">
<html xmlns="http://www.w3.org/1999/xhtml" xml:lang="en" lang="en">
 <head>
  <title>
</title>
<meta http-equiv="Content-Type" content="text/html;charset=utf-8" />
  <meta name='ocr-system' content='tesseract 3.04.00' />
  <meta name='ocr-capabilities' content='ocr_page ocr_carea ocr_par ocr_line ocrx_word'/>
</head>
<body>
  <div class='ocr_page' id='page_1' title='image "./alexandriaphrod00bardgoog_0149.png"; bbox 0 0 2758 4760; ppageno 0'>
   <div class='ocr_carea' id='block_1_1' title="bbox 1068 419 1127 500">
    <p class='ocr_par' dir='ltr' id='par_1_1' title="bbox 1068 419 1127 500">
     <span class='ocr_line' id='line_1_1' title="bbox 1068 419 1127 500; baseline 0.034 -20"><span class='ocrx_word' id='word_1_1' title='bbox 1068 419 1127 500; x_wconf 75' lang='lat'><strong>1³3</strong></span> 
     </span>
    </p>
   </div>
   <div class='ocr_carea' id='block_1_2' title="bbox 59 580 1202 2831">
    <p class='ocr_par' dir='ltr' id='par_1_2' title="bbox 59 580 1202 2831">
     <span class='ocr_line' id='line_1_2' title="bbox 118 580 1125 657; baseline 0.01 -15"><span class='ocrx_word' id='word_1_2' title='bbox 118 594 206 643; x_wconf 92' lang='lat' dir='ltr'><strong>ctum</strong></span> <span class='ocrx_word' id='word_1_3' title='bbox 237 601 305 643; x_wconf 89' lang='lat' dir='ltr'><strong>esse</strong></span> <span class='ocrx_word' id='word_1_4' title='bbox 338 580 488 657; x_wconf 82' lang='lat' dir='ltr'>dicimus,</span> <span class='ocrx_word' id='word_1_5' title='bbox 527 583 614 645; x_wconf 88' lang='lat' dir='ltr'><strong>velut</strong></span> <span class='ocrx_word' id='word_1_6' title='bbox 642 595 795 646; x_wconf 87' lang='lat' dir='ltr'><strong>monstra.</strong></span> <span class='ocrx_word' id='word_1_7' title='bbox 855 583 936 648; x_wconf 87' lang='lat' dir='ltr'><strong>Cum</strong></span> <span class='ocrx_word' id='word_1_8' title='bbox 955 588 1039 651; x_wconf 77' lang='lat' dir='ltr'><strong>‘enim</strong></span> <span class='ocrx_word' id='word_1_9' title='bbox 1060 609 1125 653; x_wconf 88' lang='lat' dir='ltr'><strong>non</strong></span> 
     </span>
     <span class='ocr_line' id='line_1_3' title="bbox 119 682 1124 768; baseline 0.008 -23"><span class='ocrx_word' id='word_1_10' title='bbox 119 683 209 746; x_wconf 89' lang='lat' dir='ltr'><strong>cuius</strong></span> <span class='ocrx_word' id='word_1_11' title='bbox 231 682 302 745; x_wconf 87' lang='lat' dir='ltr'><strong>finis</strong></span> <span class='ocrx_word' id='word_1_12' title='bbox 325 683 428 768; x_wconf 86' lang='lat' dir='ltr'><strong>gratia</strong></span> <span class='ocrx_word' id='word_1_13' title='bbox 450 683 545 746; x_wconf 86' lang='lat' dir='ltr'><strong>fiebat</strong></span> <span class='ocrx_word' id='word_1_14' title='bbox 566 686 599 748; x_wconf 93' lang='lat' dir='ltr'><strong>id</strong></span> <span class='ocrx_word' id='word_1_15' title='bbox 620 689 707 768; x_wconf 88' lang='lat' dir='ltr'><strong>quod</strong></span> <span class='ocrx_word' id='word_1_16' title='bbox 719 687 837 750; x_wconf 82' lang='lat' dir='ltr'><strong>sactum</strong></span> <span class='ocrx_word' id='word_1_17' title='bbox 852 700 917 765; x_wconf 90' lang='lat' dir='ltr'><strong>est,</strong></span> <span class='ocrx_word' id='word_1_18' title='bbox 941 692 1124 755; x_wconf 82' lang='lat' dir='ltr'><strong>naturaliter</strong></span> 
     </span>
     <span class='ocr_line' id='line_1_4' title="bbox 116 786 1124 862; baseline 0.009 -14"><span class='ocrx_word' id='word_1_19' title='bbox 116 786 190 862; x_wconf 82' lang='lat' dir='ltr'><strong>fiat,</strong></span> <span class='ocrx_word' id='word_1_20' title='bbox 208 827 210 832; x_wconf 93' lang='lat'>-</span> <span class='ocrx_word' id='word_1_21' title='bbox 226 797 344 850; x_wconf 88' lang='lat' dir='ltr'><strong>temere</strong></span> <span class='ocrx_word' id='word_1_22' title='bbox 373 786 405 850; x_wconf 92' lang='lat' dir='ltr'><strong>id</strong></span> <span class='ocrx_word' id='word_1_23' title='bbox 436 799 466 850; x_wconf 91' lang='lat' dir='ltr'><strong>ct</strong></span> <span class='ocrx_word' id='word_1_24' title='bbox 500 809 574 851; x_wconf 87' lang='lat' dir='ltr'><strong>casu</strong></span> <span class='ocrx_word' id='word_1_25' title='bbox 601 789 718 851; x_wconf 81' lang='lat' dir='ltr'><strong>lactum</strong></span> <span class='ocrx_word' id='word_1_26' title='bbox 748 811 815 854; x_wconf 88' lang='lat' dir='ltr'><strong>esse</strong></span> <span class='ocrx_word' id='word_1_27' title='bbox 845 790 996 856; x_wconf 76' lang='lat' dir='ltr'><strong>dicimusz</strong></span> <span class='ocrx_word' id='word_1_28' title='bbox 1035 806 1066 856; x_wconf 94' lang='lat' dir='ltr'><strong>et</strong></span> <span class='ocrx_word' id='word_1_29' title='bbox 1092 795 1124 857; x_wconf 94' lang='lat' dir='ltr'><strong>id</strong></span> 
     </span>
     <span class='ocr_line' id='line_1_5' title="bbox 117 893 1125 975; baseline 0.008 -23"><span class='ocrx_word' id='word_1_30' title='bbox 117 893 207 972; x_wconf 89' lang='lat' dir='ltr'><strong>quod</strong></span> <span class='ocrx_word' id='word_1_31' title='bbox 230 901 433 953; x_wconf 88' lang='lat' dir='ltr'><strong>consecutum</strong></span> <span class='ocrx_word' id='word_1_32' title='bbox 456 903 503 954; x_wconf 89' lang='lat' dir='ltr'><strong>est</strong></span> <span class='ocrx_word' id='word_1_33' title='bbox 526 913 621 975; x_wconf 87' lang='lat' dir='ltr'><strong>quum</strong></span> <span class='ocrx_word' id='word_1_34' title='bbox 643 895 729 974; x_wconf 88' lang='lat' dir='ltr'><strong>quod</strong></span> <span class='ocrx_word' id='word_1_35' title='bbox 748 894 868 957; x_wconf 86' lang='lat' dir='ltr'><strong>frustra</strong></span> <span class='ocrx_word' id='word_1_36' title='bbox 887 895 945 973; x_wconf 88' lang='lat' dir='ltr'><strong>sit,</strong></span> <span class='ocrx_word' id='word_1_37' title='bbox 970 908 1016 959; x_wconf 90' lang='lat' dir='ltr'><strong>est</strong></span> <span class='ocrx_word' id='word_1_38' title='bbox 1032 919 1125 961; x_wconf 84' lang='lat' dir='ltr'><strong>causa</strong></span> 
     </span>
     <span class='ocr_line' id='line_1_6' title="bbox 116 993 1123 1083; baseline 0.009 -29"><span class='ocrx_word' id='word_1_39' title='bbox 116 1015 177 1076; x_wconf 88' lang='lat' dir='ltr'><strong>per</strong></span> <span class='ocrx_word' id='word_1_40' title='bbox 204 993 371 1067; x_wconf 90' lang='lat' dir='ltr'><strong>accidens,</strong></span> <span class='ocrx_word' id='word_1_41' title='bbox 411 1015 485 1056; x_wconf 88' lang='lat' dir='ltr'><strong>casu</strong></span> <span class='ocrx_word' id='word_1_42' title='bbox 512 993 629 1056; x_wconf 87' lang='lat' dir='ltr'><strong>factum</strong></span> <span class='ocrx_word' id='word_1_43' title='bbox 657 1016 725 1058; x_wconf 86' lang='lat' dir='ltr'><strong>esse</strong></span> <span class='ocrx_word' id='word_1_44' title='bbox 754 996 901 1060; x_wconf 82' lang='lat' dir='ltr'>dicimus:</span> <span class='ocrx_word' id='word_1_45' title='bbox 939 1012 970 1064; x_wconf 93' lang='lat' dir='ltr'><strong>et</strong></span> <span class='ocrx_word' id='word_1_46' title='bbox 998 1000 1123 1083; x_wconf 89' lang='lat' dir='ltr'><strong>penitus</strong></span> 
     </span>
     <span class='ocr_line' id='line_1_7' title="bbox 117 1096 1124 1180; baseline 0.008 -22"><span class='ocrx_word' id='word_1_47' title='bbox 117 1116 213 1158; x_wconf 91' lang='lat' dir='ltr'><strong>omne</strong></span> <span class='ocrx_word' id='word_1_48' title='bbox 245 1096 295 1173; x_wconf 94' lang='lat' dir='ltr'><strong>id,</strong></span> <span class='ocrx_word' id='word_1_49' title='bbox 334 1099 421 1180; x_wconf 91' lang='lat' dir='ltr'><strong>quod</strong></span> <span class='ocrx_word' id='word_1_50' title='bbox 446 1117 514 1161; x_wconf 86' lang='lat' dir='ltr'><strong>rem</strong></span> <span class='ocrx_word' id='word_1_51' title='bbox 546 1114 626 1180; x_wconf 86' lang='lat' dir='ltr'><strong>quae</strong></span> <span class='ocrx_word' id='word_1_52' title='bbox 654 1099 838 1162; x_wconf 76' lang='lat' dir='ltr'><strong>naturaliter</strong></span> <span class='ocrx_word' id='word_1_53' title='bbox 865 1101 901 1162; x_wconf 86' lang='lat' dir='ltr'><strong>fit</strong></span> <span class='ocrx_word' id='word_1_54' title='bbox 922 1115 1124 1166; x_wconf 89' lang='lat' dir='ltr'><strong>consecutum</strong></span> 
     </span>
     <span class='ocr_line' id='line_1_8' title="bbox 115 1199 1123 1286; baseline 0.009 -25"><span class='ocrx_word' id='word_1_55' title='bbox 115 1211 183 1274; x_wconf 90' lang='lat' dir='ltr'><strong>est,</strong></span> <span class='ocrx_word' id='word_1_56' title='bbox 220 1220 284 1262; x_wconf 91' lang='lat' dir='ltr'><strong>non</strong></span> <span class='ocrx_word' id='word_1_57' title='bbox 307 1199 459 1262; x_wconf 85' lang='lat' dir='ltr'><strong>exsistens</strong></span> <span class='ocrx_word' id='word_1_58' title='bbox 482 1201 569 1264; x_wconf 88' lang='lat' dir='ltr'><strong>cuius</strong></span> <span class='ocrx_word' id='word_1_59' title='bbox 592 1200 694 1286; x_wconf 80' lang='lat' dir='ltr'><strong>gratia</strong></span> <span class='ocrx_word' id='word_1_60' title='bbox 714 1201 831 1279; x_wconf 86' lang='lat' dir='ltr'><strong>fiebat,</strong></span> <span class='ocrx_word' id='word_1_61' title='bbox 854 1215 973 1268; x_wconf 86' lang='lat' dir='ltr'><strong>temere</strong></span> <span class='ocrx_word' id='word_1_62' title='bbox 995 1217 1026 1268; x_wconf 89' lang='lat' dir='ltr'><strong>et</strong></span> <span class='ocrx_word' id='word_1_63' title='bbox 1049 1228 1123 1270; x_wconf 86' lang='lat' dir='ltr'><strong>casu</strong></span> 
     </span>
     <span class='ocr_line' id='line_1_9' title="bbox 116 1302 1121 1391; baseline 0.006 -26"><span class='ocrx_word' id='word_1_64' title='bbox 116 1302 236 1365; x_wconf 75' lang='lat' dir='ltr'><strong>factuam</strong></span> <span class='ocrx_word' id='word_1_65' title='bbox 261 1324 328 1366; x_wconf 89' lang='lat' dir='ltr'><strong>esse</strong></span> <span class='ocrx_word' id='word_1_66' title='bbox 351 1302 476 1366; x_wconf 91' lang='lat' dir='ltr'><strong>dicitur.</strong></span> <span class='ocrx_word' id='word_1_67' title='bbox 520 1305 570 1366; x_wconf 87' lang='lat' dir='ltr'><strong>lta</strong></span> <span class='ocrx_word' id='word_1_68' title='bbox 591 1305 689 1385; x_wconf 88' lang='lat' dir='ltr'><strong>lapis,</strong></span> <span class='ocrx_word' id='word_1_69' title='bbox 725 1305 779 1388; x_wconf 81' lang='lat' dir='ltr'><strong>qui</strong></span> <span class='ocrx_word' id='word_1_70' title='bbox 800 1306 944 1388; x_wconf 85' lang='lat' dir='ltr'><strong>delapsus</strong></span> <span class='ocrx_word' id='word_1_71' title='bbox 966 1305 1007 1369; x_wconf 88' lang='lat' dir='ltr'><strong>sit</strong></span> <span class='ocrx_word' id='word_1_72' title='bbox 1028 1320 1121 1391; x_wconf 86' lang='lat' dir='ltr'><strong>atquc</strong></span> 
     </span>
     <span class='ocr_line' id='line_1_10' title="bbox 115 1405 1122 1490; baseline 0.004 -22"><span class='ocrx_word' id='word_1_73' title='bbox 115 1425 155 1468; x_wconf 86' lang='lat' dir='ltr'><strong>eo</strong></span> <span class='ocrx_word' id='word_1_74' title='bbox 179 1408 276 1470; x_wconf 89' lang='lat' dir='ltr'><strong>modo</strong></span> <span class='ocrx_word' id='word_1_75' title='bbox 300 1405 465 1482; x_wconf 82' lang='lat' dir='ltr'><strong>ceciderit,</strong></span> <span class='ocrx_word' id='word_1_76' title='bbox 500 1419 535 1469; x_wconf 90' lang='lat' dir='ltr'><strong>ut</strong></span> <span class='ocrx_word' id='word_1_77' title='bbox 563 1409 668 1469; x_wconf 90' lang='lat' dir='ltr'><strong>locum</strong></span> <span class='ocrx_word' id='word_1_78' title='bbox 698 1409 737 1470; x_wconf 89' lang='lat' dir='ltr'><strong>ad</strong></span> <span class='ocrx_word' id='word_1_79' title='bbox 768 1409 938 1472; x_wconf 89' lang='lat' dir='ltr'><strong>sedendum</strong></span> <span class='ocrx_word' id='word_1_80' title='bbox 968 1411 1122 1490; x_wconf 85' lang='lat' dir='ltr'><strong>praebere</strong></span> 
     </span>
     <span class='ocr_line' id='line_1_11' title="bbox 116 1508 1122 1595; baseline 0.004 -23"><span class='ocrx_word' id='word_1_81' title='bbox 116 1508 243 1590; x_wconf 90' lang='lat' dir='ltr'><strong>possit,</strong></span> <span class='ocrx_word' id='word_1_82' title='bbox 279 1530 354 1571; x_wconf 88' lang='lat' dir='ltr'><strong>casu</strong></span> <span class='ocrx_word' id='word_1_83' title='bbox 375 1511 457 1572; x_wconf 91' lang='lat' dir='ltr'><strong>hunc</strong></span> <span class='ocrx_word' id='word_1_84' title='bbox 478 1509 570 1572; x_wconf 90' lang='lat' dir='ltr'><strong>situm</strong></span> <span class='ocrx_word' id='word_1_85' title='bbox 592 1509 722 1587; x_wconf 88' lang='lat' dir='ltr'><strong>habuit,</strong></span> <span class='ocrx_word' id='word_1_86' title='bbox 757 1511 812 1594; x_wconf 88' lang='lat' dir='ltr'><strong>qui</strong></span> <span class='ocrx_word' id='word_1_87' title='bbox 832 1524 982 1595; x_wconf 86' lang='lat' dir='ltr'><strong>sequutus</strong></span> <span class='ocrx_word' id='word_1_88' title='bbox 1003 1524 1122 1576; x_wconf 82' lang='lat' dir='ltr'><strong>estua-</strong></span> 
     </span>
     <span class='ocr_line' id='line_1_12' title="bbox 113 1611 1202 1700; baseline 0.006 -27"><span class='ocrx_word' id='word_1_89' title='bbox 113 1612 250 1673; x_wconf 86' lang='lat' dir='ltr'><strong>turalem</strong></span> <span class='ocrx_word' id='word_1_90' title='bbox 271 1611 381 1694; x_wconf 89' lang='lat' dir='ltr'><strong>lapidis</strong></span> <span class='ocrx_word' id='word_1_91' title='bbox 407 1613 646 1694; x_wconf 90' lang='lat' dir='ltr'><strong>propulsionem</strong></span> <span class='ocrx_word' id='word_1_92' title='bbox 673 1627 809 1696; x_wconf 88' lang='lat' dir='ltr'><strong>propter</strong></span> <span class='ocrx_word' id='word_1_93' title='bbox 837 1616 1042 1700; x_wconf 77' lang='lat' dir='ltr'><strong>gravitatem:</strong></span> <span class='ocrx_word' id='word_1_94' title='bbox 1078 1615 1122 1678; x_wconf 89' lang='lat' dir='ltr'><strong>si·</strong></span> <span class='ocrx_word' id='word_1_95' title='bbox 1199 1691 1202 1698; x_wconf 92' lang='lat'>.</span> 
     </span>
     <span class='ocr_line' id='line_1_13' title="bbox 112 1713 1121 1798; baseline 0.006 -22"><span class='ocrx_word' id='word_1_96' title='bbox 112 1714 231 1777; x_wconf 87' lang='lat' dir='ltr'><strong>militer</strong></span> <span class='ocrx_word' id='word_1_97' title='bbox 244 1713 370 1798; x_wconf 61' lang='lat' dir='ltr'><strong>equus,</strong></span> <span class='ocrx_word' id='word_1_98' title='bbox 409 1716 462 1798; x_wconf 88' lang='lat' dir='ltr'><strong>qui</strong></span> <span class='ocrx_word' id='word_1_99' title='bbox 484 1717 593 1797; x_wconf 85' lang='lat' dir='ltr'><strong>pabuli</strong></span> <span class='ocrx_word' id='word_1_100' title='bbox 620 1718 767 1781; x_wconf 89' lang='lat' dir='ltr'><strong>aviditate</strong></span> <span class='ocrx_word' id='word_1_101' title='bbox 796 1721 835 1781; x_wconf 90' lang='lat' dir='ltr'><strong>ad</strong></span> <span class='ocrx_word' id='word_1_102' title='bbox 856 1722 939 1782; x_wconf 90' lang='lat' dir='ltr'><strong>hunc</strong></span> <span class='ocrx_word' id='word_1_103' title='bbox 959 1720 1064 1782; x_wconf 86' lang='lat' dir='ltr'><strong>loctuu</strong></span> <span class='ocrx_word' id='word_1_104' title='bbox 1087 1739 1121 1782; x_wconf 88' lang='lat' dir='ltr'><strong>se</strong></span> 
     </span>
     <span class='ocr_line' id='line_1_14' title="bbox 112 1817 1120 1900; baseline 0.004 -21"><span class='ocrx_word' id='word_1_105' title='bbox 112 1817 255 1899; x_wconf 89' lang='lat' dir='ltr'><strong>recepit,</strong></span> <span class='ocrx_word' id='word_1_106' title='bbox 295 1831 325 1881; x_wconf 89' lang='lat' dir='ltr'><strong>et</strong></span> <span class='ocrx_word' id='word_1_107' title='bbox 359 1830 531 1900; x_wconf 86' lang='lat' dir='ltr'><strong>propterca</strong></span> <span class='ocrx_word' id='word_1_108' title='bbox 566 1819 731 1884; x_wconf 90' lang='lat' dir='ltr'><strong>incolumis</strong></span> <span class='ocrx_word' id='word_1_109' title='bbox 764 1824 803 1884; x_wconf 87' lang='lat' dir='ltr'><strong>ab</strong></span> <span class='ocrx_word' id='word_1_110' title='bbox 833 1821 977 1885; x_wconf 89' lang='lat' dir='ltr'><strong>hostibus</strong></span> <span class='ocrx_word' id='word_1_111' title='bbox 1006 1822 1120 1885; x_wconf 87' lang='lat' dir='ltr'><strong>evasit.</strong></span> 
     </span>
     <span class='ocr_line' id='line_1_15' title="bbox 114 1921 1117 2005; baseline 0.002 -21"><span class='ocrx_word' id='word_1_112' title='bbox 114 1921 278 1984; x_wconf 86' lang='lat' dir='ltr'><strong>Naturalis</strong></span> <span class='ocrx_word' id='word_1_113' title='bbox 300 1921 381 1984; x_wconf 88' lang='lat' dir='ltr'><strong>enim</strong></span> <span class='ocrx_word' id='word_1_114' title='bbox 403 1921 455 1984; x_wconf 92' lang='lat' dir='ltr'><strong>ille</strong></span> <span class='ocrx_word' id='word_1_115' title='bbox 477 1922 539 1984; x_wconf 91' lang='lat' dir='ltr'><strong>cibi</strong></span> <span class='ocrx_word' id='word_1_116' title='bbox 563 1924 718 2005; x_wconf 88' lang='lat' dir='ltr'><strong>appetitus</strong></span> <span class='ocrx_word' id='word_1_117' title='bbox 740 1924 847 1987; x_wconf 88' lang='lat' dir='ltr'><strong>salutis</strong></span> <span class='ocrx_word' id='word_1_118' title='bbox 870 1947 964 1989; x_wconf 87' lang='lat' dir='ltr'><strong>causa</strong></span> <span class='ocrx_word' id='word_1_119' title='bbox 986 1925 1117 2001; x_wconf 81' lang='lat' dir='ltr'><strong>exstitit,</strong></span> 
     </span>
     <span class='ocr_line' id='line_1_16' title="bbox 59 2025 1121 2106; baseline 0.005 -20"><span class='ocrx_word' id='word_1_120' title='bbox 59 2037 62 2044; x_wconf 92' lang='lat'>&#39;</span> <span class='ocrx_word' id='word_1_121' title='bbox 112 2025 275 2106; x_wconf 88' lang='lat' dir='ltr'><strong>cumipse</strong></span> <span class='ocrx_word' id='word_1_122' title='bbox 296 2037 399 2088; x_wconf 89' lang='lat' dir='ltr'><strong>tamen</strong></span> <span class='ocrx_word' id='word_1_123' title='bbox 421 2047 485 2089; x_wconf 91' lang='lat' dir='ltr'><strong>non</strong></span> <span class='ocrx_word' id='word_1_124' title='bbox 508 2027 631 2088; x_wconf 86' lang='lat' dir='ltr'><strong>venerit</strong></span> <span class='ocrx_word' id='word_1_125' title='bbox 657 2039 693 2089; x_wconf 93' lang='lat' dir='ltr'><strong>ut</strong></span> <span class='ocrx_word' id='word_1_126' title='bbox 720 2040 915 2091; x_wconf 86' lang='lat' dir='ltr'><strong>servaretur.</strong></span> <span class='ocrx_word' id='word_1_127' title='bbox 960 2028 1012 2090; x_wconf 93' lang='lat' dir='ltr'><strong>Illi</strong></span> <span class='ocrx_word' id='word_1_128' title='bbox 1040 2049 1121 2091; x_wconf 89' lang='lat' dir='ltr'><strong>vero</strong></span> 
     </span>
     <span class='ocr_line' id='line_1_17' title="bbox 114 2127 1122 2213; baseline 0.001 -23"><span class='ocrx_word' id='word_1_129' title='bbox 114 2127 169 2211; x_wconf 93' lang='lat' dir='ltr'><strong>qui</strong></span> <span class='ocrx_word' id='word_1_130' title='bbox 192 2128 236 2192; x_wconf 90' lang='lat' dir='ltr'><strong>ita</strong></span> <span class='ocrx_word' id='word_1_131' title='bbox 258 2129 408 2198; x_wconf 83' lang='lat' dir='ltr'><strong>deliniunt</strong></span> <span class='ocrx_word' id='word_1_132' title='bbox 430 2130 622 2204; x_wconf 86' lang='lat' dir='ltr'><strong>Fortunam,</strong></span> <span class='ocrx_word' id='word_1_133' title='bbox 659 2150 727 2192; x_wconf 90' lang='lat' dir='ltr'><strong>esse</strong></span> <span class='ocrx_word' id='word_1_134' title='bbox 750 2129 867 2193; x_wconf 88' lang='lat' dir='ltr'><strong>scilicet</strong></span> <span class='ocrx_word' id='word_1_135' title='bbox 890 2151 1014 2193; x_wconf 89' lang='lat' dir='ltr'><strong>causam</strong></span> <span class='ocrx_word' id='word_1_136' title='bbox 1027 2128 1122 2213; x_wconf 86' lang='lat' dir='ltr'><strong>igno·-</strong></span> 
     </span>
     <span class='ocr_line' id='line_1_18' title="bbox 112 2231 1121 2310; baseline -0.001 -15"><span class='ocrx_word' id='word_1_137' title='bbox 112 2245 177 2310; x_wconf 82' lang='lat' dir='ltr'><strong>tam</strong></span> <span class='ocrx_word' id='word_1_138' title='bbox 201 2233 353 2294; x_wconf 83' lang='lat' dir='ltr'><strong>humanae</strong></span> <span class='ocrx_word' id='word_1_139' title='bbox 371 2231 487 2295; x_wconf 90' lang='lat' dir='ltr'><strong>rationi</strong></span> <span class='ocrx_word' id='word_1_140' title='bbox 502 2243 532 2294; x_wconf 90' lang='lat' dir='ltr'><strong>et</strong></span> <span class='ocrx_word' id='word_1_141' title='bbox 547 2232 700 2308; x_wconf 87' lang='lat' dir='ltr'><strong>abditam,</strong></span> <span class='ocrx_word' id='word_1_142' title='bbox 723 2244 865 2294; x_wconf 89' lang='lat' dir='ltr'><strong>naturam</strong></span> <span class='ocrx_word' id='word_1_143' title='bbox 881 2234 1041 2296; x_wconf 85' lang='lat' dir='ltr'><strong>Fortunae</strong></span> <span class='ocrx_word' id='word_1_144' title='bbox 1057 2255 1121 2296; x_wconf 91' lang='lat' dir='ltr'><strong>non</strong></span> 
     </span>
     <span class='ocr_line' id='line_1_19' title="bbox 114 2333 1127 2417; baseline 0.001 -19"><span class='ocrx_word' id='word_1_145' title='bbox 114 2333 328 2410; x_wconf 87' lang='lat' dir='ltr'><strong>constituunt,</strong></span> <span class='ocrx_word' id='word_1_146' title='bbox 353 2338 409 2398; x_wconf 90' lang='lat' dir='ltr'><strong>sed</strong></span> <span class='ocrx_word' id='word_1_147' title='bbox 429 2335 461 2396; x_wconf 92' lang='lat' dir='ltr'><strong>in</strong></span> <span class='ocrx_word' id='word_1_148' title='bbox 484 2335 568 2417; x_wconf 90' lang='lat' dir='ltr'><strong>quali</strong></span> <span class='ocrx_word' id='word_1_149' title='bbox 588 2336 749 2415; x_wconf 87' lang='lat' dir='ltr'><strong>hominnm</strong></span> <span class='ocrx_word' id='word_1_150' title='bbox 761 2336 940 2399; x_wconf 85' lang='lat' dir='ltr'><strong>habitudine</strong></span> <span class='ocrx_word' id='word_1_151' title='bbox 957 2338 996 2398; x_wconf 91' lang='lat' dir='ltr'><strong>ad</strong></span> <span class='ocrx_word' id='word_1_152' title='bbox 1011 2357 1127 2400; x_wconf 86' lang='lat' dir='ltr'><strong>causas·</strong></span> 
     </span>
     <span class='ocr_line' id='line_1_20' title="bbox 111 2439 1196 2520; baseline 0.002 -20"><span class='ocrx_word' id='word_1_153' title='bbox 111 2439 290 2500; x_wconf 84' lang='lat' dir='ltr'><strong>Fortunam</strong></span> <span class='ocrx_word' id='word_1_154' title='bbox 312 2457 380 2500; x_wconf 89' lang='lat' dir='ltr'><strong>csse</strong></span> <span class='ocrx_word' id='word_1_155' title='bbox 403 2448 565 2505; x_wconf 85' lang='lat' dir='ltr'><strong>statuunt:</strong></span> <span class='ocrx_word' id='word_1_156' title='bbox 611 2440 692 2500; x_wconf 88' lang='lat' dir='ltr'><strong>Nam</strong></span> <span class='ocrx_word' id='word_1_157' title='bbox 721 2441 784 2500; x_wconf 92' lang='lat' dir='ltr'><strong>hoc</strong></span> <span class='ocrx_word' id='word_1_158' title='bbox 806 2451 901 2520; x_wconf 86' lang='lat' dir='ltr'><strong>pacto</strong></span> <span class='ocrx_word' id='word_1_159' title='bbox 923 2440 1004 2502; x_wconf 91' lang='lat' dir='ltr'><strong>idem</strong></span> <span class='ocrx_word' id='word_1_160' title='bbox 1028 2439 1119 2502; x_wconf 84' lang='lat' dir='ltr'><strong>alicui</strong></span> <span class='ocrx_word' id='word_1_161' title='bbox 1185 2452 1196 2469; x_wconf 75' lang='lat'><strong><em>⁴</em></strong></span> 
     </span>
     <span class='ocr_line' id='line_1_21' title="bbox 111 2539 1117 2618; baseline 0.002 -16"><span class='ocrx_word' id='word_1_162' title='bbox 111 2541 172 2602; x_wconf 90' lang='lat' dir='ltr'><strong>erit</strong></span> <span class='ocrx_word' id='word_1_163' title='bbox 191 2539 385 2616; x_wconf 86' lang='lat' dir='ltr'><strong>aFortuna,</strong></span> <span class='ocrx_word' id='word_1_164' title='bbox 411 2539 502 2602; x_wconf 87' lang='lat' dir='ltr'><strong>alicui</strong></span> <span class='ocrx_word' id='word_1_165' title='bbox 516 2563 599 2616; x_wconf 93' lang='lat' dir='ltr'><strong>non,</strong></span> <span class='ocrx_word' id='word_1_166' title='bbox 624 2541 651 2603; x_wconf 91' lang='lat' dir='ltr'><strong>si</strong></span> <span class='ocrx_word' id='word_1_167' title='bbox 671 2541 723 2604; x_wconf 90' lang='lat' dir='ltr'><strong>hic</strong></span> <span class='ocrx_word' id='word_1_168' title='bbox 745 2542 809 2603; x_wconf 89' lang='lat' dir='ltr'><strong>eius</strong></span> <span class='ocrx_word' id='word_1_169' title='bbox 833 2563 957 2604; x_wconf 84' lang='lat' dir='ltr'><strong>causam</strong></span> <span class='ocrx_word' id='word_1_170' title='bbox 979 2542 1117 2618; x_wconf 85' lang='lat' dir='ltr'><strong>noverit,</strong></span> 
     </span>
     <span class='ocr_line' id='line_1_22' title="bbox 111 2642 1119 2727; baseline 0.001 -22"><span class='ocrx_word' id='word_1_171' title='bbox 111 2643 165 2705; x_wconf 91' lang='lat' dir='ltr'><strong>ille</strong></span> <span class='ocrx_word' id='word_1_172' title='bbox 199 2653 300 2704; x_wconf 86' lang='lat' dir='ltr'><strong>autem</strong></span> <span class='ocrx_word' id='word_1_173' title='bbox 331 2642 472 2727; x_wconf 83' lang='lat' dir='ltr'><strong>ignoret.</strong></span> <span class='ocrx_word' id='word_1_174' title='bbox 532 2645 705 2706; x_wconf 88' lang='lat' dir='ltr'><strong>Praeterea</strong></span> <span class='ocrx_word' id='word_1_175' title='bbox 733 2667 828 2726; x_wconf 86' lang='lat' dir='ltr'><strong>quum</strong></span> <span class='ocrx_word' id='word_1_176' title='bbox 865 2666 975 2706; x_wconf 88' lang='lat' dir='ltr'><strong>causae</strong></span> <span class='ocrx_word' id='word_1_177' title='bbox 1012 2645 1119 2726; x_wconf 86' lang='lat' dir='ltr'><strong>plures</strong></span> 
     </span>
     <span class='ocr_line' id='line_1_23' title="bbox 112 2745 1120 2831; baseline -0.001 -21"><span class='ocrx_word' id='word_1_178' title='bbox 112 2758 187 2810; x_wconf 88' lang='lat' dir='ltr'><strong>sunt</strong></span> <span class='ocrx_word' id='word_1_179' title='bbox 207 2745 345 2808; x_wconf 90' lang='lat' dir='ltr'><strong>eiusdem</strong></span> <span class='ocrx_word' id='word_1_180' title='bbox 366 2746 413 2808; x_wconf 88' lang='lat' dir='ltr'><strong>rei</strong></span> <span class='ocrx_word' id='word_1_181' title='bbox 434 2746 677 2828; x_wconf 83' lang='lat' dir='ltr'><strong>(quadripartito</strong></span> <span class='ocrx_word' id='word_1_182' title='bbox 700 2747 781 2808; x_wconf 89' lang='lat' dir='ltr'><strong>enim</strong></span> <span class='ocrx_word' id='word_1_183' title='bbox 804 2747 921 2810; x_wconf 88' lang='lat' dir='ltr'><strong>divisae</strong></span> <span class='ocrx_word' id='word_1_184' title='bbox 936 2749 1020 2827; x_wconf 89' lang='lat' dir='ltr'><strong>sunt)</strong></span> <span class='ocrx_word' id='word_1_185' title='bbox 1043 2769 1120 2831; x_wconf 89' lang='lat' dir='ltr'><strong>qua·</strong></span> 
     </span>
    </p>
   </div>
   <div class='ocr_carea' id='block_1_3' title="bbox 110 2848 1226 2934">
    <p class='ocr_par' dir='ltr' id='par_1_3' title="bbox 110 2848 1226 2934">
     <span class='ocr_line' id='line_1_24' title="bbox 110 2848 1226 2934; baseline 0.002 -21"><span class='ocrx_word' id='word_1_186' title='bbox 110 2872 182 2913; x_wconf 90' lang='lat' dir='ltr'><strong>rum</strong></span> <span class='ocrx_word' id='word_1_187' title='bbox 205 2850 354 2932; x_wconf 87' lang='lat' dir='ltr'><strong>quasdam</strong></span> <span class='ocrx_word' id='word_1_188' title='bbox 375 2849 457 2911; x_wconf 86' lang='lat' dir='ltr'><strong>scire</strong></span> <span class='ocrx_word' id='word_1_189' title='bbox 479 2848 651 2933; x_wconf 81' lang='lat' dir='ltr'><strong>contingit,</strong></span> <span class='ocrx_word' id='word_1_190' title='bbox 688 2852 836 2931; x_wconf 87' lang='lat' dir='ltr'><strong>quasdam</strong></span> <span class='ocrx_word' id='word_1_191' title='bbox 863 2851 1030 2934; x_wconf 86' lang='lat' dir='ltr'><strong>ignorare,</strong></span> <span class='ocrx_word' id='word_1_192' title='bbox 1065 2851 1121 2926; x_wconf 83' lang='lat' dir='ltr'><strong>fiet</strong></span> <span class='ocrx_word' id='word_1_193' title='bbox 1224 2875 1226 2882; x_wconf 74' lang='grc'>’</span> 
     </span>
    </p>
   </div>
   <div class='ocr_carea' id='block_1_4' title="bbox 55 2951 1202 3242">
    <p class='ocr_par' dir='ltr' id='par_1_4' title="bbox 55 2951 1202 3242">
     <span class='ocr_line' id='line_1_25' title="bbox 55 2951 1117 3030; baseline 0 -14"><span class='ocrx_word' id='word_1_194' title='bbox 55 2995 59 3005; x_wconf 83' lang='lat'><strong>·</strong></span> <span class='ocrx_word' id='word_1_195' title='bbox 113 2965 148 3016; x_wconf 90' lang='lat' dir='ltr'><strong>nt</strong></span> <span class='ocrx_word' id='word_1_196' title='bbox 169 2953 253 3015; x_wconf 90' lang='lat' dir='ltr'><strong>idem</strong></span> <span class='ocrx_word' id='word_1_197' title='bbox 274 2951 365 3014; x_wconf 89' lang='lat' dir='ltr'><strong>simul</strong></span> <span class='ocrx_word' id='word_1_198' title='bbox 390 2951 490 3014; x_wconf 86' lang='lat' dir='ltr'><strong>cidem</strong></span> <span class='ocrx_word' id='word_1_199' title='bbox 518 2951 559 3014; x_wconf 92' lang='lat' dir='ltr'><strong>sit</strong></span> <span class='ocrx_word' id='word_1_200' title='bbox 580 2974 599 3014; x_wconf 89' lang='lat' dir='ltr'><strong>a</strong></span> <span class='ocrx_word' id='word_1_201' title='bbox 619 2953 764 3014; x_wconf 85' lang='lat' dir='ltr'><strong>Fortuna</strong></span> <span class='ocrx_word' id='word_1_202' title='bbox 784 2963 815 3013; x_wconf 92' lang='lat' dir='ltr'><strong>et</strong></span> <span class='ocrx_word' id='word_1_203' title='bbox 836 2974 901 3016; x_wconf 91' lang='lat' dir='ltr'><strong>non</strong></span> <span class='ocrx_word' id='word_1_204' title='bbox 923 2974 941 3014; x_wconf 89' lang='lat' dir='ltr'><strong>a</strong></span> <span class='ocrx_word' id='word_1_205' title='bbox 963 2954 1117 3030; x_wconf 90' lang='lat' dir='ltr'><strong>Fortuna,</strong></span> 
     </span>
     <span class='ocr_line' id='line_1_26' title="bbox 110 3055 1141 3140; baseline -0.001 -21"><span class='ocrx_word' id='word_1_206' title='bbox 110 3057 138 3119; x_wconf 87' lang='lat' dir='ltr'><strong>si</strong></span> <span class='ocrx_word' id='word_1_207' title='bbox 159 3055 257 3137; x_wconf 86' lang='lat' dir='ltr'><strong>ipsius</strong></span> <span class='ocrx_word' id='word_1_208' title='bbox 282 3075 391 3116; x_wconf 83' lang='lat' dir='ltr'><strong>causas</strong></span> <span class='ocrx_word' id='word_1_209' title='bbox 414 3057 563 3138; x_wconf 88' lang='lat' dir='ltr'><strong>quasdam</strong></span> <span class='ocrx_word' id='word_1_210' title='bbox 585 3065 777 3138; x_wconf 84' lang='lat' dir='ltr'><strong>cognoscat,</strong></span> <span class='ocrx_word' id='word_1_211' title='bbox 809 3057 957 3138; x_wconf 87' lang='lat' dir='ltr'><strong>quasdam</strong></span> <span class='ocrx_word' id='word_1_212' title='bbox 978 3055 1118 3140; x_wconf 84' lang='lat' dir='ltr'><strong>ignoret.</strong></span> <span class='ocrx_word' id='word_1_213' title='bbox 1139 3097 1141 3101; x_wconf 68' lang='lat'><strong>,</strong></span> 
     </span>
     <span class='ocr_line' id='line_1_27' title="bbox 112 3155 1202 3242; baseline -0.002 -19"><span class='ocrx_word' id='word_1_214' title='bbox 112 3161 189 3223; x_wconf 89' lang='lat' dir='ltr'><strong>Non</strong></span> <span class='ocrx_word' id='word_1_215' title='bbox 212 3156 294 3219; x_wconf 91' lang='lat' dir='ltr'><strong>enim</strong></span> <span class='ocrx_word' id='word_1_216' title='bbox 316 3155 476 3220; x_wconf 85' lang='lat' dir='ltr'><strong>definitum</strong></span> <span class='ocrx_word' id='word_1_217' title='bbox 490 3171 549 3234; x_wconf 90' lang='lat' dir='ltr'><strong>est,</strong></span> <span class='ocrx_word' id='word_1_218' title='bbox 572 3169 708 3238; x_wconf 89' lang='lat' dir='ltr'><strong>propter</strong></span> <span class='ocrx_word' id='word_1_219' title='bbox 730 3157 817 3219; x_wconf 90' lang='lat' dir='ltr'><strong>cuius</strong></span> <span class='ocrx_word' id='word_1_220' title='bbox 840 3178 1004 3220; x_wconf 88' lang='lat' dir='ltr'><strong>causarum</strong></span> <span class='ocrx_word' id='word_1_221' title='bbox 1024 3158 1118 3242; x_wconf 83' lang='lat' dir='ltr'><strong>igno·</strong></span> <span class='ocrx_word' id='word_1_222' title='bbox 1196 3189 1202 3198; x_wconf 52' lang='lat'><strong><em>‘</em></strong></span> 
     </span>
    </p>
   </div>
   <div class='ocr_carea' id='block_1_5' title="bbox 105 3258 1214 3344">
    <p class='ocr_par' dir='ltr' id='par_1_5' title="bbox 105 3258 1214 3344">
     <span class='ocr_line' id='line_1_28' title="bbox 105 3258 1214 3344; baseline -0.003 -19"><span class='ocrx_word' id='word_1_223' title='bbox 105 3261 245 3326; x_wconf 80' lang='lat' dir='ltr'><strong>rentiam</strong></span> <span class='ocrx_word' id='word_1_224' title='bbox 262 3261 406 3323; x_wconf 90' lang='lat' dir='ltr'><strong>Fortuna</strong></span> <span class='ocrx_word' id='word_1_225' title='bbox 427 3261 481 3322; x_wconf 87' lang='lat' dir='ltr'><strong>sit.</strong></span> <span class='ocrx_word' id='word_1_226' title='bbox 525 3261 559 3323; x_wconf 83' lang='lat' dir='ltr'><strong>Si</strong></span> <span class='ocrx_word' id='word_1_227' title='bbox 580 3261 661 3322; x_wconf 80' lang='lat' dir='ltr'><strong>enirn</strong></span> <span class='ocrx_word' id='word_1_228' title='bbox 682 3258 796 3334; x_wconf 88' lang='lat' dir='ltr'><strong>dicant,</strong></span> <span class='ocrx_word' id='word_1_229' title='bbox 819 3281 885 3324; x_wconf 91' lang='lat' dir='ltr'><strong>non</strong></span> <span class='ocrx_word' id='word_1_230' title='bbox 908 3281 1031 3323; x_wconf 85' lang='lat' dir='ltr'><strong>causam</strong></span> <span class='ocrx_word' id='word_1_231' title='bbox 1047 3260 1117 3344; x_wconf 84' lang='lat' dir='ltr'><strong>qui-</strong></span> <span class='ocrx_word' id='word_1_232' title='bbox 1209 3263 1214 3271; x_wconf 84' lang='grc'><em>“</em></span> 
     </span>
    </p>
   </div>
   <div class='ocr_carea' id='block_1_6' title="bbox 27 3362 1205 4064">
    <p class='ocr_par' dir='ltr' id='par_1_6' title="bbox 27 3362 1205 4064">
     <span class='ocr_line' id='line_1_29' title="bbox 27 3362 1117 3446; baseline -0.003 -17"><span class='ocrx_word' id='word_1_233' title='bbox 27 3393 29 3402; x_wconf 49' lang='lat'><strong><em>¹</em></strong></span> <span class='ocrx_word' id='word_1_234' title='bbox 111 3367 243 3428; x_wconf 87' lang='lat' dir='ltr'><strong>busdam</strong></span> <span class='ocrx_word' id='word_1_235' title='bbox 265 3363 444 3425; x_wconf 91' lang='lat' dir='ltr'><strong>hominibus</strong></span> <span class='ocrx_word' id='word_1_236' title='bbox 473 3362 614 3446; x_wconf 85' lang='lat' dir='ltr'><strong>ignotam</strong></span> <span class='ocrx_word' id='word_1_237' title='bbox 646 3383 714 3425; x_wconf 89' lang='lat' dir='ltr'><strong>esse</strong></span> <span class='ocrx_word' id='word_1_238' title='bbox 737 3363 931 3437; x_wconf 86' lang='lat' dir='ltr'><strong>Fortunam,</strong></span> <span class='ocrx_word' id='word_1_239' title='bbox 965 3365 1021 3425; x_wconf 89' lang='lat' dir='ltr'><strong>sed</strong></span> <span class='ocrx_word' id='word_1_240' title='bbox 1049 3385 1117 3426; x_wconf 89' lang='lat' dir='ltr'><strong>eam</strong></span> 
     </span>
     <span class='ocr_line' id='line_1_30' title="bbox 113 3464 1205 3552; baseline 0.001 -23"><span class='ocrx_word' id='word_1_241' title='bbox 113 3488 194 3552; x_wconf 85' lang='lat' dir='ltr'><strong>quae</strong></span> <span class='ocrx_word' id='word_1_242' title='bbox 218 3465 363 3529; x_wconf 89' lang='lat' dir='ltr'><strong>omnibus</strong></span> <span class='ocrx_word' id='word_1_243' title='bbox 387 3465 514 3528; x_wconf 91' lang='lat' dir='ltr'><strong>omnino</strong></span> <span class='ocrx_word' id='word_1_244' title='bbox 537 3465 647 3548; x_wconf 84' lang='lat' dir='ltr'><strong>ignota</strong></span> <span class='ocrx_word' id='word_1_245' title='bbox 669 3465 726 3540; x_wconf 92' lang='lat' dir='ltr'><strong>sit,</strong></span> <span class='ocrx_word' id='word_1_246' title='bbox 751 3475 837 3526; x_wconf 87' lang='lat' dir='ltr'><strong>certe</strong></span> <span class='ocrx_word' id='word_1_247' title='bbox 859 3464 1115 3550; x_wconf 89' lang='lat' dir='ltr'><strong>nihilquicqnam</strong></span> <span class='ocrx_word' id='word_1_248' title='bbox 1202 3491 1205 3502; x_wconf 89' lang='lat'><strong>·</strong></span> 
     </span>
     <span class='ocr_line' id='line_1_31' title="bbox 112 3568 1118 3644; baseline -0.003 -9"><span class='ocrx_word' id='word_1_249' title='bbox 112 3593 181 3636; x_wconf 87' lang='lat' dir='ltr'><strong>esse</strong></span> <span class='ocrx_word' id='word_1_250' title='bbox 204 3571 380 3633; x_wconf 88' lang='lat' dir='ltr'><strong>Fortunam</strong></span> <span class='ocrx_word' id='word_1_251' title='bbox 408 3568 611 3644; x_wconf 82' lang='lat' dir='ltr'><strong>fatebuntur,</strong></span> <span class='ocrx_word' id='word_1_252' title='bbox 650 3569 676 3630; x_wconf 88' lang='lat' dir='ltr'><strong>si</strong></span> <span class='ocrx_word' id='word_1_253' title='bbox 706 3571 878 3630; x_wconf 87' lang='lat' dir='ltr'><strong>concedant</strong></span> <span class='ocrx_word' id='word_1_254' title='bbox 911 3587 979 3630; x_wconf 88' lang='lat' dir='ltr'><strong>esse</strong></span> <span class='ocrx_word' id='word_1_255' title='bbox 1007 3569 1118 3633; x_wconf 82' lang='lat' dir='ltr'><strong>vatici-</strong></span> 
     </span>
     <span class='ocr_line' id='line_1_32' title="bbox 111 3670 1114 3755; baseline -0.003 -18"><span class='ocrx_word' id='word_1_256' title='bbox 111 3675 206 3739; x_wconf 90' lang='lat' dir='ltr'><strong>nandi</strong></span> <span class='ocrx_word' id='word_1_257' title='bbox 220 3685 337 3748; x_wconf 89' lang='lat' dir='ltr'><strong>artem,</strong></span> <span class='ocrx_word' id='word_1_258' title='bbox 362 3691 423 3754; x_wconf 90' lang='lat' dir='ltr'><strong>qua</strong></span> <span class='ocrx_word' id='word_1_259' title='bbox 444 3691 496 3732; x_wconf 89' lang='lat' dir='ltr'><strong>res</strong></span> <span class='ocrx_word' id='word_1_260' title='bbox 518 3670 585 3732; x_wconf 85' lang='lat' dir='ltr'><strong>aliis</strong></span> <span class='ocrx_word' id='word_1_261' title='bbox 607 3670 732 3754; x_wconf 86' lang='lat' dir='ltr'><strong>ignotas</strong></span> <span class='ocrx_word' id='word_1_262' title='bbox 755 3691 952 3755; x_wconf 83' lang='lat' dir='ltr'><strong>cognoscere</strong></span> <span class='ocrx_word' id='word_1_263' title='bbox 966 3679 1114 3734; x_wconf 85' lang='lat' dir='ltr'><strong>statuant.</strong></span> 
     </span>
     <span class='ocr_line' id='line_1_33' title="bbox 113 3771 1150 3857; baseline -0.002 -17"><span class='ocrx_word' id='word_1_264' title='bbox 113 3779 139 3841; x_wconf 90' lang='lat' dir='ltr'><strong>si</strong></span> <span class='ocrx_word' id='word_1_265' title='bbox 161 3777 243 3838; x_wconf 91' lang='lat' dir='ltr'><strong>enim</strong></span> <span class='ocrx_word' id='word_1_266' title='bbox 265 3775 297 3837; x_wconf 92' lang='lat' dir='ltr'><strong>id</strong></span> <span class='ocrx_word' id='word_1_267' title='bbox 318 3774 509 3857; x_wconf 85' lang='lat' dir='ltr'><strong>distinguere</strong></span> <span class='ocrx_word' id='word_1_268' title='bbox 532 3795 569 3834; x_wconf 88' lang='lat' dir='ltr'><strong>ac</strong></span> <span class='ocrx_word' id='word_1_269' title='bbox 591 3771 720 3834; x_wconf 87' lang='lat' dir='ltr'><strong>definire</strong></span> <span class='ocrx_word' id='word_1_270' title='bbox 742 3775 885 3836; x_wconf 87' lang='lat' dir='ltr'><strong>volentes</strong></span> <span class='ocrx_word' id='word_1_271' title='bbox 908 3774 1011 3837; x_wconf 90' lang='lat' dir='ltr'><strong>dicant</strong></span> <span class='ocrx_word' id='word_1_272' title='bbox 1033 3777 1117 3838; x_wconf 86' lang='lat' dir='ltr'><strong>For·</strong></span> <span class='ocrx_word' id='word_1_273' title='bbox 1146 3784 1150 3799; x_wconf 71' lang='lat'><strong><em>‘</em></strong></span> 
     </span>
     <span class='ocr_line' id='line_1_34' title="bbox 112 3874 1113 3960; baseline -0.002 -17"><span class='ocrx_word' id='word_1_274' title='bbox 112 3894 221 3944; x_wconf 88' lang='lat' dir='ltr'><strong>tunam</strong></span> <span class='ocrx_word' id='word_1_275' title='bbox 243 3899 311 3942; x_wconf 87' lang='lat' dir='ltr'><strong>csse</strong></span> <span class='ocrx_word' id='word_1_276' title='bbox 334 3897 458 3940; x_wconf 88' lang='lat' dir='ltr'><strong>causam</strong></span> <span class='ocrx_word' id='word_1_277' title='bbox 480 3876 620 3960; x_wconf 84' lang='lat' dir='ltr'><strong>ignotam</strong></span> <span class='ocrx_word' id='word_1_278' title='bbox 649 3874 849 3937; x_wconf 86' lang='lat' dir='ltr'><strong>inscientibus</strong></span> <span class='ocrx_word' id='word_1_279' title='bbox 882 3888 914 3938; x_wconf 88' lang='lat' dir='ltr'><strong>et</strong></span> <span class='ocrx_word' id='word_1_280' title='bbox 945 3877 1113 3958; x_wconf 74' lang='lat' dir='ltr'><strong>imperitis,</strong></span> 
     </span>
     <span class='ocr_line' id='line_1_35' title="bbox 114 3977 1112 4064; baseline -0.004 -19"><span class='ocrx_word' id='word_1_281' title='bbox 114 3986 174 4045; x_wconf 82' lang='lat' dir='ltr'><strong>hac</strong></span> <span class='ocrx_word' id='word_1_282' title='bbox 196 3981 318 4044; x_wconf 85' lang='lat' dir='ltr'><strong>ratione</strong></span> <span class='ocrx_word' id='word_1_283' title='bbox 338 3980 436 4064; x_wconf 86' lang='lat' dir='ltr'><strong>igitur</strong></span> <span class='ocrx_word' id='word_1_284' title='bbox 458 3999 494 4041; x_wconf 89' lang='lat' dir='ltr'><strong>ea</strong></span> <span class='ocrx_word' id='word_1_285' title='bbox 517 3999 595 4061; x_wconf 83' lang='lat' dir='ltr'><strong>quae</strong></span> <span class='ocrx_word' id='word_1_286' title='bbox 618 4000 659 4040; x_wconf 85' lang='lat' dir='ltr'><strong>ex</strong></span> <span class='ocrx_word' id='word_1_287' title='bbox 680 3977 815 4040; x_wconf 81' lang='lat' dir='ltr'><strong>scientiis</strong></span> <span class='ocrx_word' id='word_1_288' title='bbox 837 3989 868 4040; x_wconf 88' lang='lat' dir='ltr'><strong>et</strong></span> <span class='ocrx_word' id='word_1_289' title='bbox 891 3980 1009 4043; x_wconf 87' lang='lat' dir='ltr'><strong>artibus</strong></span> <span class='ocrx_word' id='word_1_290' title='bbox 1025 3980 1112 4058; x_wconf 86' lang='lat' dir='ltr'><strong>liunt,</strong></span> 
     </span>
    </p>
   </div>
   <div class='ocr_carea' id='block_1_7' title="bbox 0 0 1384 4760">
    <p class='ocr_par' dir='ltr' id='par_1_7' title="bbox 0 0 1384 4760">
     <span class='ocr_line' id='line_1_36' title="bbox 0 0 1384 4760; baseline 0 2"><span class='ocrx_word' id='word_1_291' title='bbox 0 0 1384 4760; x_wconf 95' lang='lat' dir='ltr'><strong> </strong></span> 
     </span>
    </p>
   </div>
  </div>
 </body>
</html>
