<?xml version="1.0" encoding="UTF-8"?>
<!DOCTYPE html PUBLIC "-//W3C//DTD XHTML 1.0 Transitional//EN"
    "http://www.w3.org/TR/xhtml1/DTD/xhtml1-transitional.dtd">
<html xmlns="http://www.w3.org/1999/xhtml" xml:lang="en" lang="en">
 <head>
  <title>
</title>
<meta http-equiv="Content-Type" content="text/html;charset=utf-8" />
  <meta name='ocr-system' content='tesseract 3.04.00' />
  <meta name='ocr-capabilities' content='ocr_page ocr_carea ocr_par ocr_line ocrx_word'/>
</head>
<body>
  <div class='ocr_page' id='page_1' title='image "./alexandriaphrod00bardgoog_0220.png"; bbox 0 0 2728 4758; ppageno 0'>
   <div class='ocr_carea' id='block_1_1' title="bbox 242 351 306 416">
    <p class='ocr_par' dir='ltr' id='par_1_1' title="bbox 242 351 306 416">
     <span class='ocr_line' id='line_1_1' title="bbox 242 351 306 416; baseline -0.031 0"><span class='ocrx_word' id='word_1_1' title='bbox 242 351 306 416; x_wconf 69' lang='lat'><em>204</em></span> 
     </span>
    </p>
   </div>
   <div class='ocr_carea' id='block_1_2' title="bbox 238 505 1316 1228">
    <p class='ocr_par' dir='ltr' id='par_1_2' title="bbox 238 505 1316 1228">
     <span class='ocr_line' id='line_1_2' title="bbox 242 505 1243 637; baseline -0.002 -49"><span class='ocrx_word' id='word_1_2' title='bbox 242 524 297 589; x_wconf 80' lang='grc' dir='ltr'><em>καὶ</em></span> <span class='ocrx_word' id='word_1_3' title='bbox 322 515 398 602; x_wconf 89' lang='grc' dir='ltr'><em>την</em></span> <span class='ocrx_word' id='word_1_4' title='bbox 409 505 598 614; x_wconf 75' lang='grc' dir='ltr'><em>διαφοράν</em></span> <span class='ocrx_word' id='word_1_5' title='bbox 603 509 690 584; x_wconf 75' lang='grc' dir='ltr'><em>κατά</em></span> <span class='ocrx_word' id='word_1_6' title='bbox 727 507 830 637; x_wconf 78' lang='grc' dir='ltr'><em>φάσιν</em></span> <span class='ocrx_word' id='word_1_7' title='bbox 860 515 1070 594; x_wconf 75' lang='grc' dir='ltr'><em>δοθιῖσοιν</em></span> <span class='ocrx_word' id='word_1_8' title='bbox 1047 507 1179 610; x_wconf 78' lang='grc' dir='ltr'><em>εκάστιρ</em></span> <span class='ocrx_word' id='word_1_9' title='bbox 1209 517 1243 599; x_wconf 77' lang='grc' dir='ltr'><em>ἐξ</em></span> 
     </span>
     <span class='ocr_line' id='line_1_3' title="bbox 241 587 1293 748; baseline -0.003 -57"><span class='ocrx_word' id='word_1_10' title='bbox 241 619 385 711; x_wconf 74' lang='grc' dir='ltr'><em>ἀνάγκης</em></span> <span class='ocrx_word' id='word_1_11' title='bbox 400 615 502 706; x_wconf 76' lang='grc' dir='ltr'><em>ἡδέως</em></span> <span class='ocrx_word' id='word_1_12' title='bbox 519 623 671 714; x_wconf 76' lang='grc' dir='ltr'><em>φέρεται</em></span> <span class='ocrx_word' id='word_1_13' title='bbox 671 612 877 748; x_wconf 84' lang='grc' dir='ltr'><em>άνθριίποι</em></span> <span class='ocrx_word' id='word_1_14' title='bbox 892 622 928 687; x_wconf 74' lang='grc' dir='ltr'><em>δὲ</em></span> <span class='ocrx_word' id='word_1_15' title='bbox 948 614 1104 707; x_wconf 82' lang='grc' dir='ltr'><em>μόνοιτο</em></span> <span class='ocrx_word' id='word_1_16' title='bbox 1087 587 1242 712; x_wconf 81' lang='grc' dir='ltr'><em>ἐξάίρι-</em></span> <span class='ocrx_word' id='word_1_17' title='bbox 1287 627 1293 639; x_wconf 88' lang='grc'><strong>’</strong></span> 
     </span>
     <span class='ocr_line' id='line_1_4' title="bbox 239 718 1243 847; baseline -0.005 -52"><span class='ocrx_word' id='word_1_18' title='bbox 239 751 298 796; x_wconf 90' lang='grc' dir='ltr'><em>τον</em></span> <span class='ocrx_word' id='word_1_19' title='bbox 322 727 465 847; x_wconf 76' lang='grc' dir='ltr'><em>ἔχοντες,</em></span> <span class='ocrx_word' id='word_1_20' title='bbox 497 718 555 791; x_wconf 89' lang='grc' dir='ltr'><em>τόν</em></span> <span class='ocrx_word' id='word_1_21' title='bbox 574 747 609 790; x_wconf 85' lang='grc' dir='ltr'><em>τε</em></span> <span class='ocrx_word' id='word_1_22' title='bbox 628 720 706 792; x_wconf 82' lang='grc' dir='ltr'><em>νοῦν</em></span> <span class='ocrx_word' id='word_1_23' title='bbox 727 727 782 789; x_wconf 84' lang='grc' dir='ltr'><em>καὶ</em></span> <span class='ocrx_word' id='word_1_24' title='bbox 803 719 860 790; x_wconf 88' lang='grc' dir='ltr'><em>τὸν</em></span> <span class='ocrx_word' id='word_1_25' title='bbox 879 724 912 789; x_wconf 79' lang='grc' dir='ltr'><em>ἐκ</em></span> <span class='ocrx_word' id='word_1_26' title='bbox 933 718 1053 790; x_wconf 81' lang='grc' dir='ltr'><em>τούτου</em></span> <span class='ocrx_word' id='word_1_27' title='bbox 1074 718 1243 841; x_wconf 80' lang='grc' dir='ltr'><em>προφερό-</em></span> 
     </span>
     <span class='ocr_line' id='line_1_5' title="bbox 238 820 1244 948; baseline -0.002 -52"><span class='ocrx_word' id='word_1_28' title='bbox 238 847 335 919; x_wconf 92' lang='grc' dir='ltr'><em>μενον</em></span> <span class='ocrx_word' id='word_1_29' title='bbox 349 824 465 915; x_wconf 79' lang='grc' dir='ltr'><em>λόγον,</em></span> <span class='ocrx_word' id='word_1_30' title='bbox 486 823 574 893; x_wconf 84' lang='grc' dir='ltr'><em>κατά</em></span> <span class='ocrx_word' id='word_1_31' title='bbox 586 832 650 948; x_wconf 77' lang='grc' dir='ltr'><em>μὲν</em></span> <span class='ocrx_word' id='word_1_32' title='bbox 667 820 726 907; x_wconf 79' lang='grc' dir='ltr'><em>την</em></span> <span class='ocrx_word' id='word_1_33' title='bbox 744 820 921 907; x_wconf 82' lang='grc' dir='ltr'><em>κοινότητα</em></span> <span class='ocrx_word' id='word_1_34' title='bbox 938 829 1072 896; x_wconf 78' lang='grc' dir='ltr'><em>ἕπονται</em></span> <span class='ocrx_word' id='word_1_35' title='bbox 1088 827 1129 920; x_wconf 75' lang='grc' dir='ltr'><em>τῇ</em></span> <span class='ocrx_word' id='word_1_36' title='bbox 1143 821 1244 920; x_wconf 80' lang='grc' dir='ltr'><em>φάσει</em></span> 
     </span>
     <span class='ocr_line' id='line_1_6' title="bbox 239 924 1316 1024; baseline -0.002 -26"><span class='ocrx_word' id='word_1_37' title='bbox 239 927 298 1016; x_wconf 79' lang='grc' dir='ltr'><em>(ὡς</em></span> <span class='ocrx_word' id='word_1_38' title='bbox 317 932 485 1024; x_wconf 79' lang='grc' dir='ltr'><em>προεῖπον)</em></span> <span class='ocrx_word' id='word_1_39' title='bbox 514 926 601 996; x_wconf 85' lang='grc' dir='ltr'><em>κατά</em></span> <span class='ocrx_word' id='word_1_40' title='bbox 629 931 664 996; x_wconf 80' lang='grc' dir='ltr'><em>δὲ</em></span> <span class='ocrx_word' id='word_1_41' title='bbox 686 924 725 995; x_wconf 85' lang='grc' dir='ltr'><em>τὸ</em></span> <span class='ocrx_word' id='word_1_42' title='bbox 747 925 969 1019; x_wconf 78' lang='grc' dir='ltr'><em>ἐξαίρετον</em></span> <span class='ocrx_word' id='word_1_43' title='bbox 931 955 969 996; x_wconf 91' lang='grc' dir='ltr'><em>ου</em></span> <span class='ocrx_word' id='word_1_44' title='bbox 994 930 1033 1024; x_wconf 75' lang='grc' dir='ltr'><em>τῇ</em></span> <span class='ocrx_word' id='word_1_45' title='bbox 1059 925 1157 1022; x_wconf 79' lang='grc' dir='ltr'><em>φύσει</em></span> <span class='ocrx_word' id='word_1_46' title='bbox 1182 955 1245 996; x_wconf 91' lang='grc' dir='ltr'><em>πο</em></span> <span class='ocrx_word' id='word_1_47' title='bbox 1309 979 1316 989; x_wconf 41' lang='lat' dir='ltr'><strong><em>f</em></strong></span> 
     </span>
     <span class='ocr_line' id='line_1_7' title="bbox 239 1002 1245 1128; baseline -0.002 -26"><span class='ocrx_word' id='word_1_48' title='bbox 239 1030 445 1118; x_wconf 83' lang='grc' dir='ltr'><em>λιτεάονται.-</em></span> <span class='ocrx_word' id='word_1_49' title='bbox 480 1029 563 1101; x_wconf 78' lang='grc' dir='ltr'><em>Οὐδὲ</em></span> <span class='ocrx_word' id='word_1_50' title='bbox 583 1027 651 1123; x_wconf 61' lang='grc' dir='ltr'><em>Δγάρ</em></span> <span class='ocrx_word' id='word_1_51' title='bbox 676 1031 737 1119; x_wconf 83' lang='grc' dir='ltr'><em>μία</em></span> <span class='ocrx_word' id='word_1_52' title='bbox 757 1033 881 1124; x_wconf 71' lang='grc' dir='ltr'><em>βρῶσις</em></span> <span class='ocrx_word' id='word_1_53' title='bbox 906 1033 970 1102; x_wconf 78' lang='grc' dir='ltr'><em>τῶν</em></span> <span class='ocrx_word' id='word_1_54' title='bbox 994 1002 1163 1102; x_wconf 82' lang='grc' dir='ltr'><em>ἀπάντων·</em></span> <span class='ocrx_word' id='word_1_55' title='bbox 1184 1029 1245 1128; x_wconf 84' lang='grc' dir='ltr'><em>άλ-</em></span> 
     </span>
     <span class='ocr_line' id='line_1_8' title="bbox 239 1131 1246 1228; baseline -0.002 -22"><span class='ocrx_word' id='word_1_56' title='bbox 239 1142 294 1206; x_wconf 90' lang='grc' dir='ltr'><em>λοι</em></span> <span class='ocrx_word' id='word_1_57' title='bbox 318 1145 379 1227; x_wconf 83' lang='grc' dir='ltr'><em>μὲν</em></span> <span class='ocrx_word' id='word_1_58' title='bbox 398 1132 485 1204; x_wconf 84' lang='grc' dir='ltr'><em>κατά</em></span> <span class='ocrx_word' id='word_1_59' title='bbox 506 1131 583 1214; x_wconf 81' lang='grc' dir='ltr'><em>τοὺς</em></span> <span class='ocrx_word' id='word_1_60' title='bbox 607 1139 742 1214; x_wconf 83' lang='grc' dir='ltr'><em>λέοντας</em></span> <span class='ocrx_word' id='word_1_61' title='bbox 761 1138 955 1228; x_wconf 78' lang='grc' dir='ltr'><em>τρέφονται,</em></span> <span class='ocrx_word' id='word_1_62' title='bbox 984 1132 1080 1203; x_wconf 80' lang='grc' dir='ltr'><em>ἀλλον</em></span> <span class='ocrx_word' id='word_1_63' title='bbox 1102 1138 1136 1203; x_wconf 89' lang='grc' dir='ltr'><em>δε</em></span> <span class='ocrx_word' id='word_1_64' title='bbox 1158 1133 1246 1204; x_wconf 86' lang='grc' dir='ltr'><em>κατά</em></span> 
     </span>
    </p>
   </div>
   <div class='ocr_carea' id='block_1_3' title="bbox 134 1232 1245 1332">
    <p class='ocr_par' dir='ltr' id='par_1_3' title="bbox 134 1232 1245 1332">
     <span class='ocr_line' id='line_1_9' title="bbox 134 1232 1245 1332; baseline -0.002 -22"><span class='ocrx_word' id='word_1_65' title='bbox 134 1247 142 1252; x_wconf 76' lang='grc'><strong>’</strong></span> <span class='ocrx_word' id='word_1_66' title='bbox 238 1238 299 1320; x_wconf 80' lang='grc' dir='ltr'><em>τάς</em></span> <span class='ocrx_word' id='word_1_67' title='bbox 323 1236 490 1328; x_wconf 89' lang='grc' dir='ltr'><em>ἀμνάδας,</em></span> <span class='ocrx_word' id='word_1_68' title='bbox 521 1235 580 1328; x_wconf 78' lang='grc' dir='ltr'><em>οὐχ</em></span> <span class='ocrx_word' id='word_1_69' title='bbox 598 1232 635 1308; x_wconf 74' lang='grc' dir='ltr'><em>ἓν</em></span> <span class='ocrx_word' id='word_1_70' title='bbox 659 1238 786 1327; x_wconf 78' lang='grc' dir='ltr'><em>ἔχοντες</em></span> <span class='ocrx_word' id='word_1_71' title='bbox 803 1239 913 1328; x_wconf 78' lang='grc' dir='ltr'><em>σχῆμα</em></span> <span class='ocrx_word' id='word_1_72' title='bbox 936 1235 1158 1332; x_wconf 79' lang='grc' dir='ltr'><em>φορημάτων,</em></span> <span class='ocrx_word' id='word_1_73' title='bbox 1182 1236 1245 1308; x_wconf 84' lang='grc' dir='ltr'><em>οὐκ</em></span> 
     </span>
    </p>
   </div>
   <div class='ocr_carea' id='block_1_4' title="bbox 174 1337 1258 4022">
    <p class='ocr_par' dir='ltr' id='par_1_4' title="bbox 237 1337 1247 1740">
     <span class='ocr_line' id='line_1_10' title="bbox 238 1337 1245 1460; baseline -0.002 -48"><span class='ocrx_word' id='word_1_74' title='bbox 238 1343 323 1422; x_wconf 78' lang='grc' dir='ltr'><em>ἔθος</em></span> <span class='ocrx_word' id='word_1_75' title='bbox 347 1337 399 1423; x_wconf 64' lang='grc' dir='ltr'><em>ἓν,</em></span> <span class='ocrx_word' id='word_1_76' title='bbox 435 1339 495 1432; x_wconf 80' lang='grc' dir='ltr'><em>οὐχ</em></span> <span class='ocrx_word' id='word_1_77' title='bbox 518 1345 563 1422; x_wconf 78' lang='grc' dir='ltr'><em>ἑῖς</em></span> <span class='ocrx_word' id='word_1_78' title='bbox 584 1337 686 1460; x_wconf 81' lang='grc' dir='ltr'><em>νόμος</em></span> <span class='ocrx_word' id='word_1_79' title='bbox 711 1343 877 1422; x_wconf 79' lang='grc' dir='ltr'><em>πολιτείας</em></span> <span class='ocrx_word' id='word_1_80' title='bbox 898 1344 931 1411; x_wconf 80' lang='grc' dir='ltr'><em>ἐν</em></span> <span class='ocrx_word' id='word_1_81' title='bbox 952 1337 1081 1422; x_wconf 83' lang='grc' dir='ltr'><em>ἀυτοῖς,</em></span> <span class='ocrx_word' id='word_1_82' title='bbox 1117 1338 1161 1410; x_wconf 74' lang='grc' dir='ltr'><em>οὔ</em></span> <span class='ocrx_word' id='word_1_83' title='bbox 1181 1344 1245 1431; x_wconf 87' lang='grc' dir='ltr'><em>μία</em></span> 
     </span>
     <span class='ocr_line' id='line_1_11' title="bbox 238 1439 1247 1536; baseline 0 -23"><span class='ocrx_word' id='word_1_84' title='bbox 238 1447 363 1529; x_wconf 84' lang='grc' dir='ltr'><em>κίνησις</em></span> <span class='ocrx_word' id='word_1_85' title='bbox 387 1439 570 1534; x_wconf 70' lang='grc' dir='ltr'><em>ἐπιθυμίας</em></span> <span class='ocrx_word' id='word_1_86' title='bbox 590 1447 654 1511; x_wconf 82' lang='grc' dir='ltr'><em>τῶν</em></span> <span class='ocrx_word' id='word_1_87' title='bbox 680 1440 902 1536; x_wconf 75' lang='grc' dir='ltr'><em>πραγμάτων·</em></span> <span class='ocrx_word' id='word_1_88' title='bbox 932 1439 1040 1512; x_wconf 68' lang='grc' dir='ltr'><em>ἀλλ’υ</em></span> <span class='ocrx_word' id='word_1_89' title='bbox 1023 1468 1160 1522; x_wconf 86' lang='grc' dir='ltr'><em>εκαστος</em></span> <span class='ocrx_word' id='word_1_90' title='bbox 1181 1447 1247 1514; x_wconf 85' lang='grc' dir='ltr'><em>τῶν</em></span> 
     </span>
     <span class='ocr_line' id='line_1_12' title="bbox 238 1543 1246 1641; baseline -0.002 -23"><span class='ocrx_word' id='word_1_91' title='bbox 238 1544 429 1640; x_wconf 84' lang='grc' dir='ltr'><em>ἀνθρώπων</em></span> <span class='ocrx_word' id='word_1_92' title='bbox 464 1543 552 1615; x_wconf 86' lang='grc' dir='ltr'><em>κατά</em></span> <span class='ocrx_word' id='word_1_93' title='bbox 583 1545 642 1630; x_wconf 82' lang='grc' dir='ltr'><em>την</em></span> <span class='ocrx_word' id='word_1_94' title='bbox 673 1543 760 1615; x_wconf 82' lang='grc' dir='ltr'><em>ἰδίαν</em></span> <span class='ocrx_word' id='word_1_95' title='bbox 791 1551 933 1629; x_wconf 77' lang='grc' dir='ltr'><em>θέλησιν</em></span> <span class='ocrx_word' id='word_1_96' title='bbox 965 1551 1106 1634; x_wconf 84' lang='grc' dir='ltr'><em>αἱρεῖται</em></span> <span class='ocrx_word' id='word_1_97' title='bbox 1137 1549 1246 1641; x_wconf 77' lang='grc' dir='ltr'><em>ἑαυτῷ</em></span> 
     </span>
     <span class='ocr_line' id='line_1_13' title="bbox 237 1617 1246 1772; baseline -0.001 -52"><span class='ocrx_word' id='word_1_98' title='bbox 237 1653 327 1740; x_wconf 81' lang='grc' dir='ltr'><em>βίον,</em></span> <span class='ocrx_word' id='word_1_99' title='bbox 349 1649 406 1719; x_wconf 83' lang='grc' dir='ltr'><em>τὸν</em></span> <span class='ocrx_word' id='word_1_100' title='bbox 417 1651 516 1734; x_wconf 90' lang='grc' dir='ltr'><em>πλη</em></span> <span class='ocrx_word' id='word_1_101' title='bbox 483 1675 555 1718; x_wconf 90' lang='grc' dir='ltr'><em>σιον</em></span> <span class='ocrx_word' id='word_1_102' title='bbox 569 1678 615 1772; x_wconf 85' lang='grc' dir='ltr'><em>μη</em></span> <span class='ocrx_word' id='word_1_103' title='bbox 633 1645 848 1740; x_wconf 76' lang='grc' dir='ltr'><em>μιμούμενος,</em></span> <span class='ocrx_word' id='word_1_104' title='bbox 869 1647 981 1732; x_wconf 83' lang='grc' dir='ltr'><em>πλην’</em></span> <span class='ocrx_word' id='word_1_105' title='bbox 965 1669 998 1717; x_wconf 80' lang='grc' dir='ltr'><em>εν</em></span> <span class='ocrx_word' id='word_1_106' title='bbox 1013 1645 1082 1738; x_wconf 88' lang='grc' dir='ltr'><em>ὁῐς</em></span> <span class='ocrx_word' id='word_1_107' title='bbox 1079 1617 1246 1720; x_wconf 80' lang='grc' dir='ltr'><em>θούλεταί.</em></span> 
     </span>
    </p>

    <p class='ocr_par' dir='ltr' id='par_1_5' title="bbox 175 1745 1258 2876">
     <span class='ocr_line' id='line_1_14' title="bbox 175 1745 1246 1846; baseline 0.005 -27"><span class='ocrx_word' id='word_1_108' title='bbox 175 1810 178 1819; x_wconf 83' lang='grc'><em>,</em></span> <span class='ocrx_word' id='word_1_109' title='bbox 242 1752 290 1822; x_wconf 85' lang='grc' dir='ltr'><em>Τὸ</em></span> <span class='ocrx_word' id='word_1_110' title='bbox 313 1757 348 1820; x_wconf 80' lang='grc' dir='ltr'><em>δὲ</em></span> <span class='ocrx_word' id='word_1_111' title='bbox 366 1749 579 1845; x_wconf 82' lang='grc' dir='ltr'><em>ἐλεύθερον</em></span> <span class='ocrx_word' id='word_1_112' title='bbox 560 1755 663 1822; x_wconf 83' lang='grc' dir='ltr'><em>αυτοῦ</em></span> <span class='ocrx_word' id='word_1_113' title='bbox 685 1751 745 1842; x_wconf 83' lang='grc' dir='ltr'><em>οὐχ</em></span> <span class='ocrx_word' id='word_1_114' title='bbox 761 1749 934 1821; x_wconf 79' lang='grc' dir='ltr'><em>ὑποκειται</em></span> <span class='ocrx_word' id='word_1_115' title='bbox 957 1745 1120 1846; x_wconf 83' lang='grc' dir='ltr'><em>δουλεία,</em></span> <span class='ocrx_word' id='word_1_116' title='bbox 1126 1762 1192 1822; x_wconf 59' lang='grc' dir='ltr'><em>’καὶ</em></span> <span class='ocrx_word' id='word_1_117' title='bbox 1218 1757 1246 1824; x_wconf 83' lang='grc' dir='ltr'><em>ἐί</em></span> 
     </span>
     <span class='ocr_line' id='line_1_15' title="bbox 198 1824 1247 1953; baseline 0.002 -29"><span class='ocrx_word' id='word_1_118' title='bbox 198 1937 201 1942; x_wconf 26' lang='lat'><em>¹</em></span> <span class='ocrx_word' id='word_1_119' title='bbox 238 1881 317 1924; x_wconf 85' lang='grc' dir='ltr'><em>ποτε</em></span> <span class='ocrx_word' id='word_1_120' title='bbox 337 1847 416 1926; x_wconf 79' lang='grc' dir='ltr'><em>ἕκάν</em></span> <span class='ocrx_word' id='word_1_121' title='bbox 436 1853 620 1940; x_wconf 82' lang='grc' dir='ltr'><em>δουλεύσει,</em></span> <span class='ocrx_word' id='word_1_122' title='bbox 649 1863 705 1925; x_wconf 83' lang='grc' dir='ltr'><em>καί</em></span> <span class='ocrx_word' id='word_1_123' title='bbox 725 1857 824 1925; x_wconf 81' lang='grc' dir='ltr'><em>τοῦτο</em></span> <span class='ocrx_word' id='word_1_124' title='bbox 844 1855 902 1940; x_wconf 74' lang='grc' dir='ltr'><em>τῆς</em></span> <span class='ocrx_word' id='word_1_125' title='bbox 924 1824 1117 1953; x_wconf 80' lang='grc' dir='ltr'><em>ἐλευθερίας</em></span> <span class='ocrx_word' id='word_1_126' title='bbox 1140 1853 1247 1926; x_wconf 82' lang='grc' dir='ltr'><em>ἀυτοῦ</em></span> 
     </span>
     <span class='ocr_line' id='line_1_16' title="bbox 238 1954 1246 2042; baseline 0.003 -15"><span class='ocrx_word' id='word_1_127' title='bbox 238 1961 324 2042; x_wconf 75' lang='grc' dir='ltr'><em>ἐστι,</em></span> <span class='ocrx_word' id='word_1_128' title='bbox 356 1957 395 2042; x_wconf 74' lang='grc' dir='ltr'><em>τὸ</em></span> <span class='ocrx_word' id='word_1_129' title='bbox 419 1954 594 2029; x_wconf 80' lang='grc' dir='ltr'><em>δύνασθαι</em></span> <span class='ocrx_word' id='word_1_130' title='bbox 618 1956 782 2029; x_wconf 78' lang='grc' dir='ltr'><em>δουλεύειν</em></span> <span class='ocrx_word' id='word_1_131' title='bbox 803 1955 930 2028; x_wconf 79' lang='grc' dir='ltr'><em>ἑκόντα.</em></span> <span class='ocrx_word' id='word_1_132' title='bbox 972 1955 1084 2028; x_wconf 91' lang='grc' dir='ltr'><em>Πόσοι</em></span> <span class='ocrx_word' id='word_1_133' title='bbox 1106 1961 1169 2028; x_wconf 80' lang='grc' dir='ltr'><em>τάν</em></span> <span class='ocrx_word' id='word_1_134' title='bbox 1187 1957 1246 2030; x_wconf 89' lang='grc' dir='ltr'><em>ἀν·</em></span> 
     </span>
     <span class='ocr_line' id='line_1_17' title="bbox 237 2059 1245 2156; baseline 0.003 -26"><span class='ocrx_word' id='word_1_135' title='bbox 237 2059 406 2155; x_wconf 84' lang='grc' dir='ltr'><em>θρώπαν,</em></span> <span class='ocrx_word' id='word_1_136' title='bbox 435 2069 491 2138; x_wconf 82' lang='grc' dir='ltr'><em>καὶ</em></span> <span class='ocrx_word' id='word_1_137' title='bbox 506 2060 653 2151; x_wconf 87' lang='grc' dir='ltr'><em>μάλιστα</em></span> <span class='ocrx_word' id='word_1_138' title='bbox 670 2065 734 2132; x_wconf 81' lang='grc' dir='ltr'><em>τῶν</em></span> <span class='ocrx_word' id='word_1_139' title='bbox 749 2059 935 2134; x_wconf 83' lang='grc' dir='ltr'><em>Ἀλαναίιον</em></span> <span class='ocrx_word' id='word_1_140' title='bbox 952 2063 998 2146; x_wconf 77' lang='lat'><em>⁸),</em></span> <span class='ocrx_word' id='word_1_141' title='bbox 1021 2059 1064 2143; x_wconf 78' lang='grc' dir='ltr'><em>ὡς</em></span> <span class='ocrx_word' id='word_1_142' title='bbox 1084 2061 1128 2131; x_wconf 88' lang='grc' dir='ltr'><em>τά</em></span> <span class='ocrx_word' id='word_1_143' title='bbox 1141 2061 1245 2156; x_wconf 79' lang='grc' dir='ltr'><em>ἀγρια</em></span> 
     </span>
     <span class='ocr_line' id='line_1_18' title="bbox 237 2161 1258 2260; baseline 0.002 -26"><span class='ocrx_word' id='word_1_144' title='bbox 237 2169 304 2250; x_wconf 78' lang='grc' dir='ltr'><em>ζῶα</em></span> <span class='ocrx_word' id='word_1_145' title='bbox 325 2167 556 2259; x_wconf 76' lang='grc' dir='ltr'><em>κρεοβοροῦσι,</em></span> <span class='ocrx_word' id='word_1_146' title='bbox 589 2163 693 2259; x_wconf 85' lang='grc' dir='ltr'><em>άρτου</em></span> <span class='ocrx_word' id='word_1_147' title='bbox 710 2164 756 2256; x_wconf 80' lang='grc' dir='ltr'><em>μὴ</em></span> <span class='ocrx_word' id='word_1_148' title='bbox 775 2162 964 2260; x_wconf 75' lang='grc' dir='ltr'><em>γενόμενοι,</em></span> <span class='ocrx_word' id='word_1_149' title='bbox 986 2173 1043 2234; x_wconf 84' lang='grc' dir='ltr'><em>καί</em></span> <span class='ocrx_word' id='word_1_150' title='bbox 1066 2163 1105 2234; x_wconf 81' lang='grc' dir='ltr'><em>οὐ</em></span> <span class='ocrx_word' id='word_1_151' title='bbox 1126 2165 1184 2236; x_wconf 88' lang='grc' dir='ltr'><em>διά</em></span> <span class='ocrx_word' id='word_1_152' title='bbox 1206 2161 1258 2236; x_wconf 69' lang='grc' dir='ltr'><em>τίν</em></span> 
     </span>
     <span class='ocr_line' id='line_1_19' title="bbox 237 2265 1245 2362; baseline 0.004 -26"><span class='ocrx_word' id='word_1_153' title='bbox 237 2268 282 2359; x_wconf 79' lang='grc' dir='ltr'><em>μὴ</em></span> <span class='ocrx_word' id='word_1_154' title='bbox 308 2270 411 2358; x_wconf 84' lang='grc' dir='ltr'><em>ἔχειν,</em></span> <span class='ocrx_word' id='word_1_155' title='bbox 445 2265 531 2336; x_wconf 86' lang='grc' dir='ltr'><em>ἀλλά</em></span> <span class='ocrx_word' id='word_1_156' title='bbox 553 2266 610 2337; x_wconf 89' lang='grc' dir='ltr'><em>διά</em></span> <span class='ocrx_word' id='word_1_157' title='bbox 632 2267 670 2338; x_wconf 80' lang='grc' dir='ltr'><em>τὸ</em></span> <span class='ocrx_word' id='word_1_158' title='bbox 699 2267 745 2358; x_wconf 81' lang='grc' dir='ltr'><em>μή</em></span> <span class='ocrx_word' id='word_1_159' title='bbox 778 2273 910 2355; x_wconf 82' lang='grc' dir='ltr'><em>θέλειν,·</em></span> <span class='ocrx_word' id='word_1_160' title='bbox 933 2266 1053 2338; x_wconf 73' lang='grc' dir='ltr'><em>’Ἁλλοι</em></span> <span class='ocrx_word' id='word_1_161' title='bbox 1082 2273 1184 2362; x_wconf 77' lang='grc' dir='ltr'><em>κρεῶν</em></span> <span class='ocrx_word' id='word_1_162' title='bbox 1205 2269 1245 2340; x_wconf 85' lang='grc' dir='ltr'><em>οά</em></span> 
     </span>
     <span class='ocr_line' id='line_1_20' title="bbox 237 2363 1245 2496; baseline 0.003 -56"><span class='ocrx_word' id='word_1_163' title='bbox 237 2368 389 2460; x_wconf 74' lang='grc' dir='ltr'><em>γεύονται</em></span> <span class='ocrx_word' id='word_1_164' title='bbox 407 2369 449 2451; x_wconf 83' lang='grc' dir='ltr'><em>ὡς</em></span> <span class='ocrx_word' id='word_1_165' title='bbox 466 2370 510 2440; x_wconf 87' lang='grc' dir='ltr'><em>τά</em></span> <span class='ocrx_word' id='word_1_166' title='bbox 525 2363 630 2461; x_wconf 74' lang='grc' dir='ltr'><em>ἥμερα</em></span> <span class='ocrx_word' id='word_1_167' title='bbox 645 2374 728 2456; x_wconf 81' lang='grc' dir='ltr'><em>ζῶα·</em></span> <span class='ocrx_word' id='word_1_168' title='bbox 750 2368 847 2441; x_wconf 83' lang='grc' dir='ltr'><em>ἀλλοι</em></span> <span class='ocrx_word' id='word_1_169' title='bbox 862 2369 1115 2496; x_wconf 72' lang='grc' dir='ltr'><em>ἰχθυοριαμοῦσι</em></span> <span class='ocrx_word' id='word_1_170' title='bbox 1130 2370 1245 2462; x_wconf 86' lang='grc' dir='ltr'><em>μόνον,</em></span> 
     </span>
     <span class='ocr_line' id='line_1_21' title="bbox 236 2470 1246 2568; baseline 0.002 -24"><span class='ocrx_word' id='word_1_171' title='bbox 236 2481 342 2568; x_wconf 75' lang='grc' dir='ltr'><em>ἕτερον</em></span> <span class='ocrx_word' id='word_1_172' title='bbox 367 2478 403 2543; x_wconf 80' lang='grc' dir='ltr'><em>δὲ</em></span> <span class='ocrx_word' id='word_1_173' title='bbox 436 2471 567 2566; x_wconf 81' lang='grc' dir='ltr'><em>ἰχθύων</em></span> <span class='ocrx_word' id='word_1_174' title='bbox 597 2472 637 2543; x_wconf 82' lang='grc' dir='ltr'><em>οὐ</em></span> <span class='ocrx_word' id='word_1_175' title='bbox 657 2471 827 2564; x_wconf 74' lang='grc' dir='ltr'><em>γεύονται,</em></span> <span class='ocrx_word' id='word_1_176' title='bbox 860 2470 982 2544; x_wconf 72' lang='grc' dir='ltr'><em>οὐδ”</em></span> <span class='ocrx_word' id='word_1_177' title='bbox 959 2499 1002 2544; x_wconf 90' lang='grc' dir='ltr'><em>αν</em></span> <span class='ocrx_word' id='word_1_178' title='bbox 1025 2471 1246 2566; x_wconf 79' lang='grc' dir='ltr'><em>λιμώσσωσιν,</em></span> 
     </span>
     <span class='ocr_line' id='line_1_22' title="bbox 241 2575 1244 2703; baseline 0.001 -56"><span class='ocrx_word' id='word_1_179' title='bbox 241 2579 333 2703; x_wconf 75' lang='grc' dir='ltr'><em>Ολμὲ</em></span> <span class='ocrx_word' id='word_1_180' title='bbox 320 2575 624 2669; x_wconf 75' lang='grc' dir='ltr'><em>ἑνὺδροποτοάσιν,</em></span> <span class='ocrx_word' id='word_1_181' title='bbox 647 2583 680 2646; x_wconf 88' lang='grc' dir='ltr'><em>οί</em></span> <span class='ocrx_word' id='word_1_182' title='bbox 700 2582 736 2647; x_wconf 81' lang='grc' dir='ltr'><em>δὲ</em></span> <span class='ocrx_word' id='word_1_183' title='bbox 758 2602 1004 2660; x_wconf 87' lang='grc' dir='ltr'><em>οινοποτουσιν,</em></span> <span class='ocrx_word' id='word_1_184' title='bbox 1027 2581 1107 2647; x_wconf 80' lang='grc' dir='ltr'><em>οίδὲ</em></span> <span class='ocrx_word' id='word_1_185' title='bbox 1093 2581 1244 2672; x_wconf 79' lang='grc' dir='ltr'><em>ἑσίκερα</em></span> 
     </span>
     <span class='ocr_line' id='line_1_23' title="bbox 236 2677 1243 2776; baseline 0.002 -26"><span class='ocrx_word' id='word_1_186' title='bbox 236 2684 377 2752; x_wconf 86' lang='grc' dir='ltr'><em>πίνουσι</em></span> <span class='ocrx_word' id='word_1_187' title='bbox 430 2685 501 2750; x_wconf 81' lang='grc' dir='ltr'><em>Καὶ</em></span> <span class='ocrx_word' id='word_1_188' title='bbox 530 2677 641 2762; x_wconf 85' lang='grc' dir='ltr'><em>άπλῶς</em></span> <span class='ocrx_word' id='word_1_189' title='bbox 665 2678 770 2764; x_wconf 91' lang='grc' dir='ltr'><em>πολλη</em></span> <span class='ocrx_word' id='word_1_190' title='bbox 800 2680 950 2776; x_wconf 76' lang='grc' dir='ltr'><em>διαφορά</em></span> <span class='ocrx_word' id='word_1_191' title='bbox 976 2678 1160 2774; x_wconf 78' lang='grc' dir='ltr'><em>βρωμάτων</em></span> <span class='ocrx_word' id='word_1_192' title='bbox 1188 2693 1243 2752; x_wconf 78' lang='grc' dir='ltr'><em>καὶ</em></span> 
     </span>
     <span class='ocr_line' id='line_1_24' title="bbox 236 2781 1243 2882; baseline 0.001 -29"><span class='ocrx_word' id='word_1_193' title='bbox 236 2782 393 2874; x_wconf 88' lang='grc' dir='ltr'><em>πομάτων</em></span> <span class='ocrx_word' id='word_1_194' title='bbox 410 2787 443 2853; x_wconf 81' lang='grc' dir='ltr'><em>ἐν</em></span> <span class='ocrx_word' id='word_1_195' title='bbox 455 2809 494 2880; x_wconf 86' lang='grc' dir='ltr'><em>τη</em></span> <span class='ocrx_word' id='word_1_196' title='bbox 479 2781 715 2876; x_wconf 83' lang='grc' dir='ltr'><em>ανθρωποτι</em></span> <span class='ocrx_word' id='word_1_197' title='bbox 717 2809 768 2867; x_wconf 89' lang='grc' dir='ltr'><em>τι</em></span> <span class='ocrx_word' id='word_1_198' title='bbox 796 2789 891 2876; x_wconf 85' lang='grc' dir='ltr'><em>μέχρι</em></span> <span class='ocrx_word' id='word_1_199' title='bbox 909 2792 963 2854; x_wconf 77' lang='grc' dir='ltr'><em>καὶ</em></span> <span class='ocrx_word' id='word_1_200' title='bbox 986 2787 1079 2853; x_wconf 75' lang='grc' dir='ltr'><em>ἓν</em></span> <span class='ocrx_word' id='word_1_201' title='bbox 1040 2810 1078 2882; x_wconf 85' lang='grc' dir='ltr'><em>τη</em></span> <span class='ocrx_word' id='word_1_202' title='bbox 1099 2789 1163 2854; x_wconf 79' lang='grc' dir='ltr'><em>τάν</em></span> <span class='ocrx_word' id='word_1_203' title='bbox 1184 2792 1243 2856; x_wconf 88' lang='grc' dir='ltr'><em>λα-</em></span> 
     </span>
    </p>

    <p class='ocr_par' dir='ltr' id='par_1_6' title="bbox 174 2879 1244 3810">
     <span class='ocr_line' id='line_1_25' title="bbox 233 2879 1244 3016; baseline 0.003 -60"><span class='ocrx_word' id='word_1_204' title='bbox 233 2884 342 3016; x_wconf 80' lang='grc' dir='ltr'><em>χάνοιν</em></span> <span class='ocrx_word' id='word_1_205' title='bbox 360 2893 414 2954; x_wconf 81' lang='grc' dir='ltr'><em>καί</em></span> <span class='ocrx_word' id='word_1_206' title='bbox 434 2883 562 3006; x_wconf 81' lang='grc' dir='ltr'><em>ἀπορῶν</em></span> <span class='ocrx_word' id='word_1_207' title='bbox 585 2883 706 2980; x_wconf 81' lang='grc' dir='ltr'><em>βρώσει</em></span> <span class='ocrx_word' id='word_1_208' title='bbox 732 2879 1017 2981; x_wconf 53' lang='grc' dir='ltr'><em>διαφερόμενοιί).</em></span> <span class='ocrx_word' id='word_1_209' title='bbox 1057 2886 1164 2957; x_wconf 74' lang='grc' dir='ltr'><em>’.Αλλά</em></span> <span class='ocrx_word' id='word_1_210' title='bbox 1188 2899 1244 2960; x_wconf 87' lang='grc' dir='ltr'><em>καὶ</em></span> 
     </span>
     <span class='ocr_line' id='line_1_26' title="bbox 236 2977 1243 3083; baseline 0.005 -26"><span class='ocrx_word' id='word_1_211' title='bbox 236 2986 399 3080; x_wconf 83' lang='grc' dir='ltr'><em>οἱμὲν</em></span> <span class='ocrx_word' id='word_1_212' title='bbox 378 3018 434 3070; x_wconf 86' lang='grc' dir='ltr'><em>ως</em></span> <span class='ocrx_word' id='word_1_213' title='bbox 445 2987 617 3083; x_wconf 84' lang='grc' dir='ltr'><em>σκόρπιοι,</em></span> <span class='ocrx_word' id='word_1_214' title='bbox 652 2998 708 3058; x_wconf 83' lang='grc' dir='ltr'><em>καί</em></span> <span class='ocrx_word' id='word_1_215' title='bbox 731 3019 773 3070; x_wconf 86' lang='grc' dir='ltr'><em>ιος</em></span> <span class='ocrx_word' id='word_1_216' title='bbox 801 2988 935 3070; x_wconf 86' lang='grc' dir='ltr'><em>ἀσπίδες</em></span> <span class='ocrx_word' id='word_1_217' title='bbox 959 2991 1004 3080; x_wconf 83' lang='grc' dir='ltr'><em>μὴ</em></span> <span class='ocrx_word' id='word_1_218' title='bbox 1027 2977 1243 3076; x_wconf 77' lang='grc' dir='ltr'><em>ἀδικηθέντες</em></span> 
     </span>
     <span class='ocr_line' id='line_1_27' title="bbox 235 3090 1241 3188; baseline 0.003 -26"><span class='ocrx_word' id='word_1_219' title='bbox 235 3092 426 3163; x_wconf 75' lang='grc' dir='ltr'><em>ἀδικοῦσιν·</em></span> <span class='ocrx_word' id='word_1_220' title='bbox 456 3099 487 3161; x_wconf 89' lang='grc' dir='ltr'><em>οί</em></span> <span class='ocrx_word' id='word_1_221' title='bbox 509 3099 544 3162; x_wconf 82' lang='grc' dir='ltr'><em>δὲ</em></span> <span class='ocrx_word' id='word_1_222' title='bbox 567 3091 609 3173; x_wconf 82' lang='grc' dir='ltr'><em>ὡς</em></span> <span class='ocrx_word' id='word_1_223' title='bbox 628 3090 670 3161; x_wconf 86' lang='grc' dir='ltr'><em>τά</em></span> <span class='ocrx_word' id='word_1_224' title='bbox 688 3091 794 3181; x_wconf 73' lang='grc' dir='ltr'><em>άλονα</em></span> <span class='ocrx_word' id='word_1_225' title='bbox 817 3095 899 3176; x_wconf 79' lang='grc' dir='ltr'><em>ζῶα,</em></span> <span class='ocrx_word' id='word_1_226' title='bbox 928 3091 1136 3184; x_wconf 80' lang='grc' dir='ltr'><em>ἀδικούμενοι</em></span> <span class='ocrx_word' id='word_1_227' title='bbox 1158 3095 1241 3188; x_wconf 84' lang='grc' dir='ltr'><em>ἀμύ-</em></span> 
     </span>
     <span class='ocr_line' id='line_1_28' title="bbox 235 3192 1241 3289; baseline 0.003 -23"><span class='ocrx_word' id='word_1_228' title='bbox 235 3220 369 3280; x_wconf 90' lang='grc' dir='ltr'><em>νονται,</em></span> <span class='ocrx_word' id='word_1_229' title='bbox 398 3201 502 3289; x_wconf 80' lang='grc' dir='ltr'><em>ἕτεροι</em></span> <span class='ocrx_word' id='word_1_230' title='bbox 527 3199 562 3264; x_wconf 79' lang='grc' dir='ltr'><em>δὲ</em></span> <span class='ocrx_word' id='word_1_231' title='bbox 593 3192 635 3275; x_wconf 83' lang='grc' dir='ltr'><em>ὡς</em></span> <span class='ocrx_word' id='word_1_232' title='bbox 660 3193 753 3264; x_wconf 79' lang='grc' dir='ltr'><em>λάκοι</em></span> <span class='ocrx_word' id='word_1_233' title='bbox 774 3193 977 3289; x_wconf 86' lang='grc' dir='ltr'><em>ἀρπάζουσι,</em></span> <span class='ocrx_word' id='word_1_234' title='bbox 1006 3206 1061 3267; x_wconf 85' lang='grc' dir='ltr'><em>καὶ</em></span> <span class='ocrx_word' id='word_1_235' title='bbox 1079 3195 1122 3280; x_wconf 83' lang='grc' dir='ltr'><em>ὡς</em></span> <span class='ocrx_word' id='word_1_236' title='bbox 1139 3206 1241 3288; x_wconf 79' lang='grc' dir='ltr'><em>γαλαί</em></span> 
     </span>
     <span class='ocr_line' id='line_1_29' title="bbox 223 3295 1241 3392; baseline 0.003 -22"><span class='ocrx_word' id='word_1_237' title='bbox 223 3303 446 3384; x_wconf 49' lang='grc' dir='ltr'><em>,κλέπτουσιν</em></span> <span class='ocrx_word' id='word_1_238' title='bbox 468 3299 565 3392; x_wconf 86' lang='grc' dir='ltr'><em>άλλοι</em></span> <span class='ocrx_word' id='word_1_239' title='bbox 590 3304 626 3368; x_wconf 78' lang='grc' dir='ltr'><em>δὲ</em></span> <span class='ocrx_word' id='word_1_240' title='bbox 649 3295 691 3379; x_wconf 86' lang='grc' dir='ltr'><em>ὡς</em></span> <span class='ocrx_word' id='word_1_241' title='bbox 708 3295 850 3388; x_wconf 86' lang='grc' dir='ltr'><em>ἀμνάδες</em></span> <span class='ocrx_word' id='word_1_242' title='bbox 867 3309 923 3368; x_wconf 83' lang='grc' dir='ltr'><em>καὶ</em></span> <span class='ocrx_word' id='word_1_243' title='bbox 938 3299 1081 3390; x_wconf 82' lang='grc' dir='ltr'><em>μηκάδες</em></span> <span class='ocrx_word' id='word_1_244' title='bbox 1098 3299 1163 3372; x_wconf 83' lang='grc' dir='ltr'><em>ἀπὸ</em></span> <span class='ocrx_word' id='word_1_245' title='bbox 1180 3305 1241 3372; x_wconf 83' lang='grc' dir='ltr'><em>τάν</em></span> 
     </span>
     <span class='ocr_line' id='line_1_30' title="bbox 236 3399 1240 3492; baseline 0.003 -21"><span class='ocrx_word' id='word_1_246' title='bbox 236 3400 458 3492; x_wconf 77' lang='grc' dir='ltr'><em>ὁμοιοπαθῶν</em></span> <span class='ocrx_word' id='word_1_247' title='bbox 482 3399 674 3482; x_wconf 83' lang='grc' dir='ltr'><em>ελαάνονται</em></span> <span class='ocrx_word' id='word_1_248' title='bbox 701 3403 748 3486; x_wconf 78' lang='lat'><em>⁵),</em></span> <span class='ocrx_word' id='word_1_249' title='bbox 780 3409 834 3472; x_wconf 80' lang='grc' dir='ltr'><em>καί</em></span> <span class='ocrx_word' id='word_1_250' title='bbox 860 3402 938 3483; x_wconf 76' lang='grc' dir='ltr'><em>τοὺς</em></span> <span class='ocrx_word' id='word_1_251' title='bbox 961 3401 1157 3487; x_wconf 82' lang='grc' dir='ltr'><em>ἀδικοῦντας</em></span> <span class='ocrx_word' id='word_1_252' title='bbox 1182 3405 1240 3476; x_wconf 83' lang='grc' dir='ltr'><em>οὐκ</em></span> 
     </span>
     <span class='ocr_line' id='line_1_31' title="bbox 174 3501 1240 3630; baseline 0.005 -56"><span class='ocrx_word' id='word_1_253' title='bbox 174 3581 176 3590; x_wconf 15' lang='grc' dir='ltr'>χ</span> <span class='ocrx_word' id='word_1_254' title='bbox 235 3504 396 3577; x_wconf 81' lang='grc' dir='ltr'><em>ἀδικοῦσι.</em></span> <span class='ocrx_word' id='word_1_255' title='bbox 418 3511 594 3576; x_wconf 77' lang='grc' dir='ltr'><em>Καὶοίὲ</em></span> <span class='ocrx_word' id='word_1_256' title='bbox 554 3511 782 3596; x_wconf 77' lang='grc' dir='ltr'><em>μὲνλέγονται</em></span> <span class='ocrx_word' id='word_1_257' title='bbox 804 3501 956 3593; x_wconf 83' lang='grc' dir='ltr'><em>ἀγαθοί,</em></span> <span class='ocrx_word' id='word_1_258' title='bbox 978 3511 1060 3578; x_wconf 77' lang='grc' dir='ltr'><em>οίδὲ</em></span> <span class='ocrx_word' id='word_1_259' title='bbox 1046 3517 1186 3630; x_wconf 75' lang='grc' dir='ltr'><em>ἑκακολ,</em></span> <span class='ocrx_word' id='word_1_260' title='bbox 1209 3516 1240 3579; x_wconf 85' lang='grc' dir='ltr'><em>οἱ</em></span> 
     </span>
     <span class='ocr_line' id='line_1_32' title="bbox 234 3589 1239 3706; baseline 0.005 -28"><span class='ocrx_word' id='word_1_261' title='bbox 234 3613 270 3678; x_wconf 80' lang='grc' dir='ltr'><em>δὲ</em></span> <span class='ocrx_word' id='word_1_262' title='bbox 293 3612 425 3679; x_wconf 83' lang='grc' dir='ltr'><em>δίκαιοι.</em></span> <span class='ocrx_word' id='word_1_263' title='bbox 458 3589 567 3679; x_wconf 75' lang='grc' dir='ltr'><em>Ὅθεν</em></span> <span class='ocrx_word' id='word_1_264' title='bbox 595 3613 663 3679; x_wconf 77' lang='grc' dir='ltr'><em>ἐστὶ</em></span> <span class='ocrx_word' id='word_1_265' title='bbox 695 3617 780 3678; x_wconf 83' lang='grc' dir='ltr'><em>νοεῖν</em></span> <span class='ocrx_word' id='word_1_266' title='bbox 802 3608 848 3699; x_wconf 82' lang='grc' dir='ltr'><em>μὴ</em></span> <span class='ocrx_word' id='word_1_267' title='bbox 871 3607 1000 3692; x_wconf 86' lang='grc' dir='ltr'><em>πάντας</em></span> <span class='ocrx_word' id='word_1_268' title='bbox 1025 3611 1111 3682; x_wconf 85' lang='grc' dir='ltr'><em>κατά</em></span> <span class='ocrx_word' id='word_1_269' title='bbox 1136 3611 1239 3706; x_wconf 81' lang='grc' dir='ltr'><em>φάσιν</em></span> 
     </span>
     <span class='ocr_line' id='line_1_33' title="bbox 234 3709 1238 3810; baseline 0.006 -30"><span class='ocrx_word' id='word_1_270' title='bbox 234 3709 385 3802; x_wconf 75' lang='grc' dir='ltr'><em>ἄγεσθαι</em></span> <span class='ocrx_word' id='word_1_271' title='bbox 399 3711 457 3782; x_wconf 87' lang='grc' dir='ltr'><em>τὸν</em></span> <span class='ocrx_word' id='word_1_272' title='bbox 474 3711 657 3805; x_wconf 86' lang='grc' dir='ltr'><em>άνθραπον</em></span> <span class='ocrx_word' id='word_1_273' title='bbox 678 3711 847 3794; x_wconf 89' lang='grc' dir='ltr'><em>(ποίαν</em></span> <span class='ocrx_word' id='word_1_274' title='bbox 809 3741 873 3806; x_wconf 74' lang='grc' dir='ltr'><em>γαρ</em></span> <span class='ocrx_word' id='word_1_275' title='bbox 897 3712 1000 3784; x_wconf 82' lang='grc' dir='ltr'><em>ἀυτοῦ</em></span> <span class='ocrx_word' id='word_1_276' title='bbox 1019 3717 1153 3808; x_wconf 79' lang='grc' dir='ltr'><em>ἐροῦμεν</em></span> <span class='ocrx_word' id='word_1_277' title='bbox 1175 3714 1238 3810; x_wconf 81' lang='grc' dir='ltr'><em>φά-</em></span> 
     </span>
    </p>

    <p class='ocr_par' dir='ltr' id='par_1_7' title="bbox 199 3815 1237 4022">
     <span class='ocr_line' id='line_1_34' title="bbox 235 3815 1237 3912; baseline 0.001 -27"><span class='ocrx_word' id='word_1_278' title='bbox 235 3821 328 3903; x_wconf 69' lang='grc' dir='ltr'><em>σινς)</em></span> <span class='ocrx_word' id='word_1_279' title='bbox 358 3815 443 3885; x_wconf 84' lang='grc' dir='ltr'><em>ἀλλά</em></span> <span class='ocrx_word' id='word_1_280' title='bbox 467 3819 742 3912; x_wconf 76' lang='grc' dir='ltr'><em>πῆμὲνφίρεται</em></span> <span class='ocrx_word' id='word_1_281' title='bbox 765 3816 988 3912; x_wconf 75' lang='grc' dir='ltr'><em>κατὰφύσιν,</em></span> <span class='ocrx_word' id='word_1_282' title='bbox 1024 3818 1069 3902; x_wconf 81' lang='grc' dir='ltr'><em>πῆ</em></span> <span class='ocrx_word' id='word_1_283' title='bbox 1084 3823 1126 3890; x_wconf 74' lang='grc' dir='ltr'><em>,δὲ</em></span> <span class='ocrx_word' id='word_1_284' title='bbox 1152 3817 1237 3888; x_wconf 81' lang='grc' dir='ltr'><em>κατὰ</em></span> 
     </span>
     <span class='ocr_line' id='line_1_35' title="bbox 199 3918 1237 4022; baseline 0.003 -34"><span class='ocrx_word' id='word_1_285' title='bbox 199 3973 202 3980; x_wconf 84' lang='grc'>.</span> <span class='ocrx_word' id='word_1_286' title='bbox 234 3922 440 4014; x_wconf 79' lang='grc' dir='ltr'><em>προαίρεσιν·</em></span> <span class='ocrx_word' id='word_1_287' title='bbox 477 3918 529 3990; x_wconf 84' lang='grc' dir='ltr'><em>διὸ</em></span> <span class='ocrx_word' id='word_1_288' title='bbox 560 3918 617 3990; x_wconf 82' lang='grc' dir='ltr'><em>τὸν</em></span> <span class='ocrx_word' id='word_1_289' title='bbox 644 3921 777 3990; x_wconf 82' lang='grc' dir='ltr'><em>ἔπαινον</em></span> <span class='ocrx_word' id='word_1_290' title='bbox 799 3928 854 4022; x_wconf 85' lang='grc' dir='ltr'><em>καὶ</em></span> <span class='ocrx_word' id='word_1_291' title='bbox 883 3921 939 3992; x_wconf 84' lang='grc' dir='ltr'><em>τὸν</em></span> <span class='ocrx_word' id='word_1_292' title='bbox 964 3920 1074 4020; x_wconf 74' lang='grc' dir='ltr'><em>ψόγου</em></span> <span class='ocrx_word' id='word_1_293' title='bbox 1102 3921 1237 4006; x_wconf 75' lang='grc' dir='ltr'><em>καλιὴν</em></span> 
     </span>
    </p>
   </div>
   <div class='ocr_carea' id='block_1_5' title="bbox 0 0 1368 4758">
    <p class='ocr_par' dir='ltr' id='par_1_8' title="bbox 0 0 1368 4758">
     <span class='ocr_line' id='line_1_36' title="bbox 0 0 1368 4758; baseline 0 2"><span class='ocrx_word' id='word_1_294' title='bbox 0 0 1368 4758; x_wconf 95' lang='lat' dir='ltr'><em> </em></span> 
     </span>
    </p>
   </div>
  </div>
 </body>
</html>
