2774 4756
203 281 288 392 ,εει

225 477 258 555 6)
287 470 360 558 τὴν
381 475 454 542 τοῦ
484 473 718 558 όσκητὲως]
754 475 841 541 Nota
861 476 1017 546 rariorem
1038 476 1208 544 formatio·

286 585 359 645 'nem
381 579 521 644 Genitivi
542 600 604 661 pro
627 573 783 659 ἆσκητοῦ,
826 579 901 660 (Ο.)
999 561 1003 576 ’

225 701 258 778 7)
286 693 333 780 ἣν
354 695 401 768 ἂν
423 694 636 788 ἀμήχανον
658 694 706 766 iio
728 698 859 796 ε’ῖναι]
882 700 1083 797 Alterutrum
1098 698 1140 786 σ’ὶν
1156 705 1212 769 ‹le-

289 804 427 868 lendum.
472 801 585 866 Malim
606 802 779 886 posterius.
823 803 897 884 (0.)

226 917 266 1004 8)'
287 918 481 992 ἁπάντων
503 917 629 990 tint
645 918 1031 1016 θεῶνᾶρξαμένων,
1053 927 1106 1020 τῷ
1123 951 1216 995 κοι-

289 1028 342 1120 νῷ
379 1021 561 1122 δεσπότῃ
597 1027 686 1107 Διὶ]
736 1027 925 1114 Legendum
954 1027 1078 1094 videtur
1107 1025 1216 1096 ἁπόν-

232 1141 255 1206 ’,
289 1142 354 1202 ταν
368 1130 518 1206 δέδιεν
540 1125 727 1221 ἀρξαμένων
748 1123 815 1200 όπό
837 1131 897 1198 τοῦ
918 1131 1031 1200 κοινοῦ
1052 1126 1214 1200 δεσπότου

250 1244 253 1254 “
292 1229 386 1314 Διός,
401 1234 453 1296 vel
471 1231 581 1320 'potius
603 1227 757 1301 ἁπάντων
777 1233 870 1320 θεῶν
895 1229 1065 1328 ἀρξαμένῳ
1081 1235 1129 1328 τῷ
1144 1241 1215 1302 ιἰοι·

289 1337 334 1430 ruf*
357 1330 499 1432 δεσπότῃ
525 1335 587 1434 Διί.
610 1335 729 1412 omisso
750 1331 828 1406 ἀπὸ.
871 1338 946 1420 (Ο.)
1195 1351 1198 1360 ’

227 1459 261 1539 9)
288 1452 383 1546 ἢμὴ
410 1452 659 1528 κωλύεσθαι
687 1454 783 1527 τινόι
808 1458 899 1554 ζῇν]
933 1455 1074 1527 Correxi
1104 1458 1217 1524 vitium

177 1593 183 1612 ι
288 1561 629 1654 typographicumhed.
646 1560 787 1628 Reimari
809 1559 897 1650 ἢμὴ
919 1557 1115 1631 κωλόεσθαί
1136 1585 1216 1631 τινα
1379 1551 1380 1564 ’

278 1660 359 1746 τὴν.
380 1667 489 1750 Ipsum
511 1663 566 1758 ζῇν
587 1663 724 1751 legisse,
750 1667 837 1749 quod
858 1686 967 1732 sensus
981 1666 1145 1751 postulat,
1172 1687 1217 1732 ex

226 1832 231 1840 ,
293 1765 439 1846 torsione
458 1779 607 1852 apparet.
638 1765 727 1874 Ι(0.)

208 1889 262 1971 lo)
290 1889 423 1968 κακῶς
444 1885 709 1982 δὲ’πρόττειν
735 1853 993 1980 ἀνθρώπους
1017 1885 1091 1958 οὖν
1112 1886 1219 1986 ἄλλῃ

292 1990 355 2075 όὶν,
383 1989 406 2074 ἢ
432 1994 569 2072 κακῶς
593 1985 841 2079 γεγονότας]
874 1993 1016 2060 Videtur
1045 2005 1133 2078 post*
1155 1989 1216 2060 οὐκ

293 2091 377 2192 ἄλλῃ
391 2092 433 2164 ἂν
446 2096 655 2178 supplendum
670 2093 825 2180 δυνατόν,
847 2109 901 2162 aut
915 2097 1014 2163 simile
1029 2093 1117 2184 quid.
1140 2097 1217 2179 (Ο.)

209 2220 263 2298 11)
291 2213 421 2286 κακὸν
440 2218 536 2304 μὲν]
559 2217 727 2284 Reimarus
750 2224 846 2287 κακοὶ
866 2221 935 2306 μέν.
977 2216 1151 2285 Mendose.

209 2340 264 2421 12)
286 2339 664 2428 κατατεμαχίξειν]
685 2362 801 2426 propr.
825 2341 860 2403 in
872 2340 998 2421 frusta
1017 2361 1156 2423 secure,
1180 2342 1218 2406 h.

292 2443 316 2505 l.
349 2445 389 2507 <le
409 2443 518 2526 pravis
533 2473 535 2482 ¹
552 2438 817 2510 distinctionibus.
858 2443 1004 2507 Verbum
1026 2442 1216 2509 recentioris

293 2546 496 2612 Graecitatis.
550 2547 711 2632 Exemplo
750 2568 792 2614 ex
823 2546 954 2612 Nicetae
987 2543 1149 2610 annalibus
1184 2545 1220 2610 in

295 2648 420 2715 Lexico
436 2643 620 2714 Schneideri
641 2649 736 2716 citato
757 2650 1021 2726 udle'Tlreodor.
1041 2647 1217 2716 Metoehit.

295 2752 477 2816 Nflsceltan.
502 2750 544 2818 C.
568 2752 643 2816 812.
666 2755 717 2816 ed.
733 2751 888 2818 Miilleri:
923 2756 979 2820 καὶ
999 2745 1132 2822 πόντων
1153 2746 1221 2839 μό-

294 2857 393 2922 λιστα
414 2849 499 2922 τοῦτ’
524 2848 757 2942 όλμεινότατον
768 2906 778 2937 ,
799 2849 903 2924 όυτόν
923 2877 999 2924 τινα
1021 2855 1142 2924 ἑαυτοῦ
1162 2879 1222 2942 με-

294 2957 452 3046 ρίζεσθαι
473 2962 530 3026 καὶ
543 2958 896 3048 αατατεμμαχλζεσδαι
917 2956 989 3039 (sio)
1002 2957 1065 3050 βία
1078 2963 1142 3026 τινλ
1162 2981 1223 3026 κα-

294 3056 338 3126 τόι
358 3061 416 3144 τῆς
437 3061 601 3150 συνεχείας
621 3067 678 3130 καλ
701 3064 767 3131 τῶν
786 3061 974 3149 συνδέσμων
993 3061 1057 3143 τῆς
1077 3055 1224 3140 δόσεως.

212 3266 266 3347 13)
295 3269 548 3356 τιθέμενον]
581 3263 872 3358 εο11.ἰ1μμώνιαι.
894 3269 969 3350 (0.)

211 3370 292 3451 loa)
312 3365 432 3451 (δότω
453 3367 501 3454 δὴ
523 3375 564 3440 ἐν
584 3370 816 3464 Πολιτείᾳ]
846 3371 900 3436 Sic
921 3372 1050 3439 omnino
1072 3374 1217 3439 scriben-

295 3477 368 3538 dum
383 3475 475 3538 litera
489 3475 621 3554 maiore,
645 3487 680 3540 ut
701 3497 811 3540 sensus
834 3473 874 3538 sit
894 3477 1000 3544 etium
1021 3478 1057 3538 in
1077 3477 1221 3558 Politia,

296 3577 446 3642 inlibris
467 3577 727 3661 detepublice.
768 3576 912 3662 Respicit
942 3574 1024 3640 enim
1048 3576 1218 3660 Olympio-

296 3682 394 3744 ‹lorus
423 3680 461 3741 ad
482 3678 587 3742 locum
614 3679 758 3744 Platonis
788 3682 825 3743 de
850 3678 1026 3764 Republica
1048 3679 1143 3742 Libr.
1170 3681 1219 3743 X.

296 3805 330 3864 p.
355 3780 704 3870 617..step11‚,(cont.
728 3781 886 3851 Alcibiad.
910 3785 955 3848 ΙΙ.
979 3805 1012 3865 p.
1039 3784 1127 3862 111.)
1151 3783 1220 3866 Igi-

298 3898 350 3948 tur
371 3885 499 3971 egregie
520 3885 640 3950 sallitur
664 3886 829 3952 Reimarus
855 3888 949 3950 verba
981 3892 1035 3952 καὶ
1066 3889 1098 3954 ἐν
1125 3888 1222 3952 πολι-
