2804 4762
239 387 305 490 ἰι

264 591 376 676 ἀξίους
398 590 554 684 ἡγοῦνται
577 587 741 670 κολάσεως
762 588 880 670 πάντες
891 587 1096 710 ἀνθραποι,
1130 585 1274 710 συγγνώ-

264 722 330 785 μην
362 693 513 775 διδόντες
536 703 606 774 τοῖς
643 694 702 783 οὐχ
742 691 846 772 ὁάτως
879 689 1138 784 ἁμαρτάνουσιν.
1186 683 1275 782 Ὅρα

266 797 305 881 δι)
328 801 370 880 25)
400 801 482 866 πάσι
513 804 584 878 τοῖς
611 804 725 878 κακοῖς
753 795 792 864 τὸ
820 792 1025 884 θαυμαστὸν
1047 791 1155 883 δόγμα
1176 797 1276 862 τοῦτο

265 900 358 992 παρά
379 903 442 969 τῶν
447 897 661 1029 φιλοσάιμων
681 902 876 1021 μαθοῦσιν,
899 895 1064 967 διδάσκειν
1085 895 1163 976 τοὺς
1184 893 1308 964 066.-

266 1029 423 1084 σκοντας,
445 996 497 1070 ὅτι
520 1007 582 1070 έισι
603 1010 659 1070 καὶ
680 1000 775 1072 ἀστοὶ
797 998 987 1122 συγγνώμης
1009 999 1094 1084 ἀξιοι
1115 997 1258 1082 14)έ
1183 984 1279 1069 οιλδέιι
1285 1025 1287 1029 ’

266 1108 404 1190 ἔλαττον
425 1109 488 1175 τῶν
510 1102 671 1184 ἀκουσίως
692 1101 965 1226 άμαρταγόντμιν
995 1100 1034 1172 06
1055 1100 1120 1195 γὰρ
1142 1099 1207 1170 666
1229 1130 1278 1170 τι-

265 1235 321 1289 νος
342 1209 467 1290 ἔξωθεν
487 1204 834 1334 καταναγκάζοντος
815 1205 936 1286 αυτοὺς
957 1209 1108 1274 ποιοῦσιν
1127 1200 1150 1272 6
1163 1199 1280 1292 ποιοῦ-
1315 1295 1318 1303 μ

267 1337 319 1381 σιν
341 1315 408 1395 ¹⁵),
445 1301 489 1380 ἀν
510 1314 588 1390 ἴσως
611 1313 683 1392 ἐνῆν
705 1307 818 1389 ἀυτοϊς
840 1315 896 1376 καὶ
918 1305 1162 1436 φυλάξασθαι,
1206 1305 1277 1376 ἀλλ’

266 1412 331 1483 ὑπὸ
361 1416 419 1496 τῆς
440 1410 569 1507 φάσεως
597 1416 654 1494 τῆς
676 1416 709 1480 έν
730 1409 844 1491 ἀντοῐς
866 1408 998 1488 οὐδὲνἰ
982 1408 1111 1480 οιόντ
1126 1415 1198 1480 έστι
1218 1417 1281 1480 λα-

267 1513 398 1596 θόντας
419 1518 555 1597 ποιῆσαι
578 1507 685 1600 16’),
663 1541 735 1597 ητις
757 1511 814 1583 666
836 1511 950 1594 ἀυτοῖς
971 1516 1015 1597 ¹⁷)
1036 1521 1106 1594 τοῖς
1127 1505 1282 1606 άμαρτα-
1359 1579 1361 1586 ⁴

266 1625 415 1707 νομένοις
436 1615 528 1700 18)
505 1644 626 1735 μιτισς.
666 1614 716 1686 Ἐι
744 1621 780 1686 δὲ
809 1614 874 1686 οάτ
899 1613 1001 1696 66669
1021 1643 1072 1697 τις
1093 1611 1203 1686 066‘
1187 1621 1281 1686 οῦτοι

267 1719 434 1842 δόγματος
454 1717 574 1811 τούτου
589 1717 696 1820 κύριοι
711 1717 903 1841 συγγνώμην
918 1725 1005 1788 δοῖεν
1015 1727 1078 1789 τινι
1092 1716 1215 1804 ταύτην
1237 1724 1282 1804 ¹⁹)

267 1826 331 1892 τῶν
349 1820 626 1914 ἁμαρτανομένων
645 1828 781 1918 ιμέροντι
795 1821 861 1906 τὴν
882 1819 1009 1905 ἀιτὶαιι,
1041 1819 1084 1903 ὡς
1102 1819 1227 1919 ψεῦδός
1248 1851 1284 1894 τι

252 1919 325 1994 Ικαὶ
345 1928 454 2021 ιγευδῆ
475 1931 623 2012 λέγοντι,
645 1931 685 2008 δι
686 1923 787 1994 λον
765 1955 808 2006 ως
828 1923 892 1994 666
910 1923 1035 1994 τούτων
1056 1933 1112 2000 666
1136 1923 1201 1994 ὑπὸ
1217 1930 1284 1997 τῶν

270 2027 377 2114 ἀλλων
392 2024 544 2097 ἀπάντων
567 2025 686 2116 ὁμοίως
704 2032 914 2098 πεπίστευται
927 2025 966 2097 τὸ
985 2031 1068 2098 666
1084 2028 1124 2096 τὸ
1137 2027 1187 2124 ἐφ’
1203 2026 1285 2118 ἡμῖν

271 2128 330 2223 οὐχ
345 2126 500 2200 ὁῐονὺπὸ
522 2128 648 2200 τούτων
661 2129 864 2214 πλάσσεται,
886 2124 1029 2220 ὅτανέις
1044 2131 1081 2201 τὸ
1102 2129 1285 2234 πρόβλημα

270 2237 462 2322 μελιτωντες
477 2238 649 2354 λέγωσιν,
665 2230 779 2302 ἀλλ’
763 2238 821 2327 οιίμ
840 2238 922 2303 έῑναι
947 2234 1111 2328 ²⁰)6vt6
1132 2238 1197 2319 δεῖ,
1225 2235 1286 2306 διά
1362 2253 1366 2262 ’

267 2338 336 2434 τῶν
350 2336 469 2424 ἔργων
462 2331 562 2409 ἀῦτοί
582 2362 616 2402 τε
629 2333 724 2404 ἀντσὶ
745 2344 801 2404 και
816 2335 935 2418 πάντες
954 2336 1143 2431 ἄνθρωποιΙ
1155 2367 1286 2444 μαρτυ

272 2439 395 2528 ροῦσιν.
421 2433 473 2504 Ἐι
467 2434 563 2558 γάρ
571 2425 657 2520 ἦσαν
679 2434 783 2518 ὁύτως
798 2440 878 2528 ἔχειν
899 2437 1166 2524 πεπιστευκότες,
1189 2466 1285 2512 συνε-

205 2623 209 2630 *
272 2540 430 2630 γίνωσκον
451 2537 492 2608 66
516 2541 598 2608 πάσι
623 2547 694 2620 τοῖς
721 2538 990 2634 ἁμαρτάνουσιν,
1027 2541 1070 2624 ὡς
1091 2541 1151 2615 066
1172 2546 1286 2634 έχουσι
1323 2597 1328 2608 ·

247 2635 249 2640 ’
272 2644 333 2710 τοῦ
359 2640 413 2729 μὴ
434 2636 544 2720 πάντα
566 2638 719 2736 πράττειν
741 2645 900 2728 ἐξουσίαν.

263 2947 333 3032 διά
353 2935 411 3033 τὴν
432 2853 581 3034 ιξουσίάν
605 2950 738 3074 ταάτην
753 2951 909 3035 ἀναιτίως
929 2964 961 3026 τὶ
980 2959 1119 3046 γίνεται,
1153 2961 1200 3052 66
1220 2962 1287 3028 τῶν

216 3128 220 3136 .
276 3049 361 3120 ὁάτω
382 3058 556 3142 γινομένων
577 3051 683 3124 ἀίτιον
704 3053 762 3126 τὸν
784 3055 1016 3144 ἀνθρωπον’”
984 3087 1082 3144 ιιναι,
1104 3053 1208 3154 ἀρχὴν
1225 3061 1287 3133 ἀυ-

275 3153 335 3254 τὸν
359 3153 440 3224 ὅντα
461 3158 526 3260 τῶν
552 3163 727 3246 γινομένων
748 3155 811 3254 ὑφ’
827 3156 951 3244 ἀυτοιῖ,
985 3163 1081 3234 ἱκανά
1105 3169 1286 3254 μὲνδεῐξαι

277 3265 334 3328 καὶ
357 3257 399 3328 τά
431 3253 592 3352 ειριγμένα.
641 3257 779 3341 Ἱκανῶς
806 3255 836 3330 δ
867 3260 909 3332 ἀν
933 3268 1153 3392 έπείσδησαιιΙ
1165 3277 1221 3338 καὶ
1253 3268 1288 3338 ὁι

277 3359 453 3486 ἀντιλέγειν
475 3359 559 3483 πράς
583 3359 666 3432 ἀυιὸ
690 3360 899 3490 πειρώμενοι,
935 3371 961 3437 ἐι
985 3368 1046 3440 666
1066 3339 1153 3458 πρὸς
1174 3369 1287 3478 ὀλίγον

277 3460 386 3532 πάντα
420 3460 444 3533 ἀ
467 3462 674 3596 πράττουσιν
696 3462 871 3555 ὑπέμειναν
890 3473 1026 3591 πρᾶξαι
1057 3479 1107 3557 )2,
1141 3472 1184 3556 ὡς
1202 3469 1287 3560 ἀλη-

277 3559 436 3646 θεύοντες
454 3574 528 3662 περὶ
549 3559 593 3638 66
609 3569 757 3657 λέγουσι,
784 3570 1015 3690 πιστεύσαντες
1034 3604 1078 3670 τιμ
1064 3580 1201 3698 t66666
1221 3583 1287 3649 666
1381 3593 1386 3633 ³

278 3674 453 3792 γινομένμν
477 3665 541 3739 666
570 3697 660 3752 τινος
694 3671 770 3758 θ’)
754 3669 839 3744 οάτω
863 3678 1041 3764 γινισθαι,
1077 3678 1120 3761 ὡς
1144 3690 1200 3751 καὶ
1225 3687 1285 3752 τοῦ

277 3770 323 3862 μὴ
352 3769 506 3862 πράττειν
534 3770 617 3842 ἀντὸ
645 3774 704 3859 τὴν
729 3778 916 3860 έξουσιαν”
897 3807 1026 3871 εγοντος
1047 3780 1121 3853 τότε
1143 3780 1183 3869 4).
1231 3793 1286 3879 Τῷ

277 3873 343 3968 γάρ
378 3872 476 3977 τοάτο
510 3882 748 3971 πεπιστευμένῳ
784 3879 843 3950 066
884 3887 1071 3976 666666066
1102 3915 1182 3972 τινι,
1225 3888 1286 3958 066

279 3970 447 4050 επαινέσαι
476 3973 570 4062 τινά,
613 3978 652 4048 06
682 3985 924 4070 συμβουλεῦσαί
955 4013 1037 4073 τινι,
1076 3989 1115 4060 06
1147 3977 1286 4087 προτρέ-
