2774 4756
271 361 332 428 tte

353 535 415 598 sius
438 537 475 598 de
498 532 704 618 scriptoribus
728 531 812 598 Hist.
836 533 960 600 Philos.
983 557 1018 616 p.
1042 533 1074 596 3.
1115 535 1270 613 (Schult-

354 639 374 698 Ir
427 681 435 701 .

290 741 324 820 2)
348 643 494 825 liiii&
516 737 586 806 οὐκ
608 735 746 820 ἀὶτιὸς
767 743 854 832 ε’,ιμι
875 739 960 820 ete]
983 741 1024 805 ΙΙ.
1044 739 1141 804 XIX:
1166 760 1200 801 v.
1216 737 1271 800 86.

355 863 447 926 seqq·
492 843 567 922 (οο

730 981 761 1052 §.
784 976 816 1038 3.

291 1129 324 1209 t)
352 1123 628 1216 ἀναγκάζειν]
656 1133 680 1196 i.
703 1154 732 1197 e.
756 1133 934 1198 necessitati
954 1132 1125 1210 subiicere,
1150 1134 1209 1198 veI
1225 1133 1270 1196 di-

305 1245 308 1252 '
357 1254 429 1297 cere
451 1256 492 1297 ex
512 1237 696 1302 necessitate
711 1258 799 1308 esse.
829 1235 882 1300 Sic
904 1223 1094 1302 Aristoteles
1116 1239 1156 1300 de
1177 1238 1270 1302 coelo

353 1339 385 1403 οἱ
405 1341 575 1422 γεννῶντες
596 1337 654 1408 τὸν
676 1336 817 1432 οὐρανὸν
837 1363 898 1424 pro
920 1334 1106 1426 ἡγεννητὸν
1121 1343 1207 1408 ε’ῑναι
1222 1345 1270 1406 λέ-

277 1457 279 1461 ’
353 1435 465 1523 γοντες
487 1455 517 1504 et
539 1441 703 1506 Sallustius
726 1446 764 1508 de
785 1444 855 1509 Diis
884 1454 915 1508 et
937 1446 1062 1510 Mundo
1096 1442 1138 1512 G.
1169 1445 1269 1510 VIII.

243 1589 247 1598 ·
354 1545 386 1609 οἱ
415 1541 470 1610 τὸν
498 1540 622 1631 κόσμον
654 1547 852 1638 φθείροντες
882 1548 905 1610 i.
935 1569 964 1613 e.
999 1551 1031 1614 οἱ
1061 1543 1119 1615 τίν
1147 1542 1273 1633 κόσμον

353 1639 517 1743 φθαρτὸν
537 1649 621 1715 ε’ῑνοιι
642 1651 798 1734 λέγοντες,
819 1649 875 1718 ubi
895 1649 966 1714 vide
989 1671 1070 1734 quac
1084 1651 1271 1716 observavi-

353 1769 421 1811 rnus
443 1771 477 1832 p.
503 1752 575 1814 156.
599 1746 694 1837 λόγοι
715 1755 778 1820 τῶν
799 1748 907 1820 πάντα
934 1748 1126 1839 ἀναγκάζειν
1155 1779 1271 1844 nerpu-

352 1853 455 1936 μένων
477 1867 548 1918 sunt
569 1855 674 1939 itaque
695 1866 902 1939 argumenta
921 1858 1115 1921 necessitati
1140 1867 1270 1920 οιειιοια

352 1971 541 2038 supponere
562 1959 757 2024 volentium,
779 1956 831 2019 die
852 1949 986 2020 nunde
1001 1955 1271 2034 dertusensem,

353 2070 388 2120 ut
411 2058 529 2140 optime
550 2057 682 2122 reddidit
706 2054 949 2122 Schulthessius.
972 2054 1046 2134 (0.)
1087 2056 1267 2120 Transiturn

353 2163 392 2225 ad
414 2161 621 2225 recentiorem
638 2161 720 2223 hanc
742 2159 832 2222 verbi
853 2153 1047 2243 ἀναγκάζειν
1064 2156 1269 2243 significatio-

353 2285 425 2326 nem
446 2264 517 2327 fieri
538 2265 654 2346 opinor
673 2263 787 2332 inillis
809 2263 939 2326 Platon.
966 2254 1072 2345 Gorg.
1096 2268 1128 2337 ζ.
1152 2262 1207 2324 51.
1230 2260 1268 2327 οὐ

353 2362 417 2452 γάρ
438 2392 478 2452 με
500 2364 540 2433 οὐ
558 2362 765 2454 ἀναγκάζεις,
788 2363 1062 2446 ubi}Sehol.hand
1077 2366 1176 2427 male:
1197 2372 1269 2442 ταῖς

277 2544 279 2552 ,
355 2465 598 2548 ἀποδεικτικοῖς
618 2469 744 2560 πίστεσι
766 2469 918 2545 πείθεις
947 2471 1104 2563 (Uesper.
1127 2470 1248 2556 Orell.)

272 2593 327 2674 Ι2)
355 2592 391 2658 ἐι
423 2595 608 2680 densete,
637 2591 786 2683 φησὶν]
820 2587 919 2654 Cous.
942 2590 981 2650 de
1001 2590 1065 2651 hoc
1082 2601 1269 2674 argumento

358 2692 475 2758 Cicero
497 2698 535 2756 de
558 2695 639 2757 Fato
663 2691 744 2776 Cap.
768 2693 833 2755 IX.
862 2690 935 2772 (Ο.)
978 2691 1044 2754 Sub
1061 2691 1155 2756 {inem
1175 2691 1271 2775 Capi·

355 2797 396 2859 tis
416 2817 478 2878 pro
501 2796 562 2862 ἐὶτε
582 2801 710 2886 nemete
731 2795 896 2880 legendum
918 2801 966 2858 'est
987 2806 1021 2857 ut
1041 2782 1076 2876 ρ.
1100 2795 1175 2859 160.
1198 2793 1271 2878 ἤτοι

356 2903 512 2988 depende„
535 2898 649 2981 (Oasp.
666 2901 783 2975 Orell.)

729 3063 760 3135 s·
784 3059 816 3156 ε.

152 1320 154 1326 “
270 1315 278 1348 Ι

295 3219 327 3298 1)
356 3220 425 3283 καὶ
445 3211 547 3305 ὑπὲρ
569 3211 1122 3306 τὴννοεράνίὁιότηταετε.]
1140 3217 1272 3279 Sensum
1341 3265 1347 3272 .

282 3365 286 3376 .
357 3321 529 3383 verborum
553 3319 669 3401 optime
691 3318 847 3401 expressit
870 3319 1100 3383 Schulthessius
1123 3331 1269 3381 vertens:

357 3422 455 3487 deren
475 3420 594 3486 Wesen
615 3424 688 3486 weit
710 3419 791 3484 ttber
815 3422 888 3484 ulle
908 3411 1041 3486 Clui'sen
1069 3420 1127 3484 der
1148 3421 1274 3485 Geister

284 3572 288 3588 .
357 3526 437 3588 oder
454 3519 640 3586 denuenden
659 3519 784 3600 Krttfte
805 3521 947 3584 erhabeu
968 3525 1020 3585 ist.
1063 3522 1137 3600 (Ο.)

296 3626 445 3708 1ε)τῆς
473 3625 561 3697 τοῖς
594 3617 715 3695 θεοῖς
743 3615 1031 3707 αροςιγκοάοης
1062 3623 1275 3712 ἔμφρονος

359 3719 591 3816 ραοτώνης]
635 3720 688 3785 Sic
724 3719 805 3787 edidi
832 3745 893 3804 pro
924 3726 980 3805 τῆς
1006 3729 1077 3802 τοῖς
1103 3729 1202 3803 θεοῖς
1228 3723 1275 3812 με)

356 3820 579 3921 αροςηκοάσιγς
601 3823 760 3916 ἔκφρονος
782 3820 978 3915 ῥαοιτάνης.
1021 3827 1095 3908 (0.)
1369 3899 1371 3910 A

296 3938 329 4015 9)
357 3931 561 4017 βασιλέως
582 3923 724 4008 ἡλίου]
768 3929 817 3993 lta
840 3929 896 3992 Sol
919 3925 987 3996 κατ’
1012 3927 1123 4017 ἐξοχὴν
1141 3939 1279 3997 vocatur
1369 3977 1371 4044 4
