2804 4762
1127 413 1166 478 11

160 577 235 646 lieri
259 576 472 644 simulacrum.
517 579 625 661 Quare
646 599 717 644 cunr
741 579 801 644 ieta
828 579 891 646 sint
917 585 1082 646 cansarum
1112 605 1170 670 ge·

159 705 258 761 nera,
284 695 317 746 et
336 682 412 748 istis-
429 683 640 750 discriminata
662 683 890 762 varietatibus,
914 686 1017 768 palam
1035 697 1083 751 est
1099 687 1163 750 Fa·

161 799 230 850 tum
256 786 326 850 iure
344 786 427 852 inter
448 809 502 852 eas
515 787 671 852 nummati
689 811 818 866 causas,
842 811 919 874 quas
935 789 1065 872 opifices
1081 789 1167 854 dixi·
1257 780 1259 792 ’

159 911 253 968 mna,
292 890 367 974 qnia
388 891 658 974 comparationem
678 891 711 958 in
732 913 767 960 se
789 892 929 958 continet
951 914 1022 958 cum
1044 893 1166 958 artifice

158 993 320 1058 simulacri
340 995 506 1062 effectore.

223 1505 320 1586 Quod
341 1525 413 1568 cnm
434 1503 479 1570 ita
500 1527 535 1572 oe
556 1508 693 1583 habeat,
734 1525 931 1590 consequens
961 1519 1009 1572 est
1034 1509 1073 1570 de
1095 1507 1170 1590 opi·

155 1607 270 1674 ficibus
292 1608 394 1672 causis
423 1609 557 1692 amplius
585 1609 785 1676 disseremus.
842 1611 922 1674 Inde
955 1611 1037 1675 enim
1071 1633 1170 1694 appa·

157 1710 243 1776 tebit
282 1733 322 1776 an
361 1712 501 1776 omnium
534 1735 615 1797 quae
644 1713 725 1779 firmt
760 1733 855 1776 eausa
890 1714 1097 1778 adscribenda
1129 1713 1171 1778 sit

156 1817 263 1892 Fato,
304 1837 343 1878 an
371 1837 453 1880 vero
483 1815 543 1880 alia
571 1817 752 1881 incensum
778 1817 866 1880 illum
888 1839 1052 1881 causarum
1076 1817 1170 1900 opifi-

155 1941 228 1982 cum
257 1918 370 1985 vocari
397 1919 546 1984 debeant.
590 1920 783 1986 Aristoteles
812 1932 928 1984 etmeta
956 1941 1037 2004 quae
1069 1920 1168 1996 finnt,

162 2021 374 2112 dispartiens,
406 2025 559 2105 quaedam
581 2024 624 2086 ait
645 2024 773 2088 alicuius
794 2022 844 2088 rei
865 2045 946 2110 ergo
968 2024 1058 2098 fieri3
1081 2045 1170 2088 nem-

156 2146 199 2207 pe
222 2147 294 2188 cum
314 2125 341 2188 is
365 2124 420 2207 qni
441 2147 510 2189 rem
532 2125 647 2202 efficit,
695 2128 792 2190 habet
812 2127 845 2189 in
880 2139 1054 2208 conspectu
1078 2127 1172 2190 animi

157 2230 315 2311 quendam
337 2227 425 2292 velut
446 2227 542 2290 finem
563 2227 630 2292 sive
652 2249 786 2311 scopum
816 2250 882 2313 quo
911 2228 1032 2292 tendit:
1057 2225 1186 2312 'quae·,

156 2334 230 2394 dam
253 2351 420 2396 veronen
448 2330 494 2396 ita
522 2331 606 2396 fieri.
673 2333 896 2416 Quaecunque„
923 2334 1005 2398 enim
1033 2355 1098 2398 non
1132 2335 1172 2396 ad

155 2433 276 2517 aliquid
313 2434 509 2498 destinantur
544 2437 584 2501 ab
618 2417 735 2518 opifice
770 2457 875 2520 neque
910 2437 1096 2502 reseruntur
1131 2439 1172 2500 ad

157 2539 254 2600 finem
277 2537 411 2621 aliquem
441 2537 621 2616 definitum,
659 2538 764 2622 qualia
792 2551 864 2602 sunt
891 2540 1085 2604 festucarum
1112 2563 1170 2623 ap·

156 2639 328 2722 prehensio
357 2640 562 2723 versatioque
585 2653 616 2706 et
637 2641 776 2724 pilorum
807 2643 1018 2708 contrectatio
1048 2655 1080 2706 et
1113 2664 1170 2706 ex·

155 2743 260 2806 tensio
293 2755 324 2806 et
354 2743 381 2808 si
413 2765 494 2826 quae
526 2743 574 2808 his
609 2757 682 2808 sunt
710 2745 818 2828 paria,
853 2746 927 2810 talia
954 2745 1024 2810 fieri
1045 2746 1171 2840 quidem

159 2858 303 2923 constat,
339 2857 371 2908 at
392 2867 457 2910 non
485 2847 603 2910 habent
631 2847 664 2910 id
697 2869 810 2916 causae
843 2871 942 2935 genus
977 2852 1065 2932 quod
1092 2871 1171 2932 pro·

158 2949 299 3032 positum
321 2961 353 3012 et
382 2951 503 3014 cuius
533 2971 634 3034 ergo
658 2951 805 3016 diximus.
850 2954 911 3016 Illa
931 2951 1049 3038 igitur,
1090 2975 1170 3036 quae

158 3054 206 3116 sic
240 3055 278 3116 de
310 3052 487 3135 improviso
519 3051 790 3138 indeliberatoque
823 3055 924 3134 firme,
948 3056 1081 3120 nullam
1109 3057 1167 3120 ha·
1229 3039 1238 3052 ⁸

159 3157 238 3218 bant
269 3156 301 3219 in
333 3178 368 3220 se
405 3156 531 3240 dignam
567 3159 606 3218 de
642 3179 705 3240 qna
735 3159 905 3242 loquamur
941 3159 1169 3224 diversitatem.
1280 3213 1285 3221 „

103 3295 109 3304 -
162 3261 289 3331 Eorum
316 3279 398 3324 vero
427 3273 508 3341 quae
538 3261 578 3322 ad
605 3259 690 3324 aliud
713 3261 895 3326 referuntur
917 3259 1045 3346 eiusque
1068 3262 1171 3347 gratia

158 3363 261 3440 finnt,
297 3363 357 3426 alia
379 3361 459 3424 fiunt
479 3373 617 3441 natura,
656 3363 717 3428 alia
745 3365 880 3430 ratione.
925 3368 1008 3430 Nam
1030 3387 1067 3430 ea
1089 3387 1170 3449 quae

160 3479 251 3530 ortus
273 3466 322 3530 sui
344 3487 470 3530 causam
491 3466 609 3529 habent
630 3480 790 3544 naturam,
829 3489 889 3550 per
921 3480 1027 3534 certos
1061 3491 1171 3534 nerone·
1243 3473 1247 3494 ⁸

158 3591 215 3634 ros
239 3559 278 3632 ac
299 3571 416 3654 gradus
438 3570 616 3650 procedrmt
638 3573 677 3632 ad
698 3571 731 3634 id
752 3592 817 3654 quo
842 3571 1053 3636 destinantur:
1084 3575 1171 3656 quod

158 3672 217 3736 uhi
244 3684 415 3736 consecuta
442 3683 530 3736 stunt·
545 3693 624 3764 quae
653 3673 753 3751 fiunt,
800 3675 943 3740 desinunt
977 3675 1065 3752 lieri,
1111 3675 1172 3739 nisi

161 3776 247 3838 alind
279 3774 395 3860 aliquid
431 3777 469 3838 de
500 3786 684 3840 transverso
715 3777 905 3850 interveniat
942 3791 974 3841 et
1013 3779 1094 3842 viam
1131 3781 1170 3842 ad
1234 3807 1240 3825 .

161 3879 194 3941 id
223 3901 289 3962 quo
317 3881 449 3942 tendunt
478 3877 697 3961 interrumpat.
764 3883 825 3946 Sed
857 3905 894 3945 ea
930 3904 1010 3966 qrme
1047 3881 1169 3946 ratione

165 3983 245 4046 sumt
269 3982 402 4066 aliquem
430 3983 558 4046 habent·
575 3981 669 4048 finem
690 3985 914 4068 propositum:
959 4009 1059 4070 neque
1088 3985 1169 4050 enim
