2758 4760
271 576 458 661 γεγονέναι,
480 561 581 660 όίςπερ
603 563 645 634 τὰ
666 569 798 684 τέρατα.
839 555 948 632 Ὅταν
969 557 1101 654 γὰρμὴ
1123 558 1162 630 55
1180 556 1274 654 χοίριν

254 681 387 754 Ιτίλονς
418 675 561 761 γίγνεται
593 669 654 752 ¹⁷),
695 665 734 734 τό
769 663 961 755 γιγνόμενον
996 661 1096 797 (μύσει
1130 667 1273 751 γίνηται,

244 837 247 846 .
269 776 380 870 μάτην
401 783 457 845 καὶ
478 771 561 844 ἀντὸ
583 778 717 860 λέγομεν
736 775 922 859 γεγονέναι,
958 775 1013 836 καὶ
1029 753 1081 836 ’τό
1102 771 1277 836 ἐπακολου-

270 878 431 965 555³
412 882 518 974 αυτῷ,
554 869 607 946 ότι
627 872 714 945 κατὰ
742 869 996 964 σομβεβηκός’
974 873 1083 940 αίτιον
1107 867 1147 938 ,τὸ
1174 867 1278 958 μάτην

242 1029 245 1034 -
269 980 407 1074 γεγονός
428 986 517 1051 ἐστιν
545 979 609 1063 ¹⁸),
644 974 838 1068 ἀντομοίτως
867 985 978 1069 φαμὲν
1005 977 1191 1062 γεγονέναι
1226 978 1278 1041 καὶ
1334 1021 1335 1026 1

274 1087 385 1167 ἁπλῶς
405 1088 470 1155 πάν
491 1083 530 1151 τό
552 1085 597 1176 τῷ
619 1079 705 1151 κατὰ
726 1077 829 1170 φύσιν
848 1083 1026 1170 γιγνομένῳ
1050 1079 1280 1158 ἐπακολουθῆ-

275 1217 354 1273 οαν,
383 1185 443 1258 οὐκ
465 1186 502 1256 ἀν
523 1183 563 1255 55
583 1182 684 1306 χοίριν
706 1187 844 1272 ἐγίνετο,
866 1178 1059 1270 ἀντομύτως
1081 1185 1218 1300 λέγεται
1230 1203 1279 1266 γε-

273 1298 414 1384 γονὲναι
453 1285 630 1368 ’ούτως“
614 1315 632 1356 ο
660 1291 869 1374 κατενεχθεὶς
900 1288 1002 1365 λίθος
1030 1288 1073 1366 19)
1102 1290 1160 1352 καὶ
1181 1279 1281 1360 όύτως

273 1427 342 1478 πως
362 1393 488 1477 πεσὼν,
519 1390 562 1473 τός
583 1389 628 1459 ἐπ’
652 1388 755 1458 ἀντον
740 1392 991 1470 καθέζεσθαι
1013 1385 1205 1470 δύνασθαι,
1223 1383 1281 1454 ἀν-

273 1497 424 1591 τομάτως
453 1493 547 1578 τύνδε
575 1496 634 1576 τῆς
661 1489 790 1588 φύσεως
817 1492 959 1560 θέοιν”
940 1515 1030 1582 εοχεν
1050 1485 1283 1571 ε’πακολονθύ-

274 1628 384 1672 σασαν
405 1601 444 1695 τῇ
466 1600 590 1693 φνοικι)
610 1622 669 1698 τον
654 1599 796 1664 λίθον
824 1593 882 1662 555
908 1592 967 1676 τὴν
986 1592 1162 1715 βαρύτητα
1184 1619 1284 1662 κατα·

274 1709 377 1800 φορᾷ.
416 1699 561 1791 ομοίως
582 1704 618 1768 δὲ
640 1693 736 1767 καλό
766 1696 821 1766 διὰ
849 1697 909 1780 τὴν
939 1696 1068 1792 τροφὴν
1098 1695 1212 1766 ελθιλν
1237 1695 1283 1778 ²⁰)

275 1814 326 1878 ἐπὶ
348 1803 441 1876 τόνδε
462 1803 520 1872 τὸν
540 1800 644 1872 τόπον
663 1799 779 1883 ἵππος,
816 1806 996 1879 σωθεὶςὲ
961 1805 996 1868 55
1019 1800 1077 1870 555
1098 1805 1200 1870 τοῦτο
1221 1797 1284 1870 555

276 1914 340 1982 τῶν
365 1909 545 1997 πολεμέειν
582 1913 638 1976 καὶ
664 1903 729 1993 γὰρ
756 1901 861 1996 τούτῳ
888 1900 907 1986 5
931 1902 1055 1996 φυσικὴ
1079 1907 1139 1990 τῆς
1160 1905 1285 1999 τροφῆς

275 2013 381 2136 όρεξις
402 2013 460 2094 τῆς
479 2012 644 2103 σωτηρίας
665 2008 777 2088 ἀντία,
806 2005 866 2077 οὐκ
887 2004 1026 2076 ἐλθόντι
1047 2012 1109 2076 τοῦ
1132 2012 1286 2091 σωθῆναι

273 2115 382 2241 χάριν.
429 2111 533 2182 T555
519 2118 658 2201 5My55
679 2110 739 2236 τὴν
758 2108 858 2201 τύχην
880 2107 990 2179 ἀιτίαν
1011 2107 1138 2234 ἀίδηλον
1153 2110 1286 2203 ἀνθρω-

180 2211 183 2224 ³
274 2223 355 2313 πίνῳ
378 2219 524 2308 λογισμῷ
544 2216 607 2298 21),
640 2213 699 2284 οὐκ
720 2215 790 2282 ἔστι
812 2209 913 2308 φύσιν
934 2209 1009 2282 τινὰ
1030 2210 1132 2304 τύχης
1137 2219 1288 2304 τιθεμέ-

188 2349 192 2352 ·
275 2348 360 2404 νων,
392 2316 500 2388 ἀλλ”
485 2343 518 2386 εν
538 2320 577 2413 τῆ
593 2315 681 2442 πρὸς
701 2315 746 2384 τὰ
766 2313 857 2384 ἀίτια
877 2319 958 2410 ποιᾷ
979 2321 1086 2406 σχέσει
1110 2313 1171 2402 τὴν
1192 2315 1287 2446 τύχην

277 2430 359 2495 ε’ίναι
382 2417 556 2510 λεγόντων
589 2421 681 2543 5555
709 2445 744 2489 τε
772 2416 875 2499 όύτως
899 2417 941 2487 τὸ
966 2416 1049 2488 ἀντό
1070 2424 1119 2514 55
1141 2431 1204 2544 μέγ
1225 2421 1287 2490 ἀπὸ

276 2525 392 2618 τύχης,
420 2553 465 2621 τῳ
450 2520 568 2593 δὲ’
552 2520 609 2592 ού·
645 2517 726 2592 όταν
747 2519 766 2590 5
787 2520 888 2614 μέν’
867 2525 972 2592 αντοῢ
992 2518 1136 2621 γινώσκη
1158 2523 1230 2609 τὴν
1241 2522 1290 2592 ἀι-

274 2633 366 2714 τίαν,
402 2625 422 2697 ό
443 2597 521 2697 55³
501 2630 612 2722 αγνοῆ.
668 2630 811 2750 Προςίτι
832 2651 866 2694 τε
888 2628 955 2694 ἐπεὶ
975 2627 1073 2694 πλείω
1096 2630 1162 2697 τοῦ
1189 2625 1290 2697 ἀντοῦ

277 2731 386 2816 ἀίτια,
408 2733 471 2819 ε’ίγε
492 2731 655 2822 τετραχῶς
674 2728 746 2811 2)
769 2719 813 2797 ὧν
833 2727 877 2796 τά
895 2737 956 2816 μὲν
977 2731 1141 2819 ἐνδέχεται
1164 2735 1292 2812 εἰδέναι,

273 2835 318 2904 .τά
342 2840 377 2904 55
398 2831 460 2924 μή·
495 2832 535 2901 τό
562 2830 645 2903 ἀντό
673 2859 707 2900 τι
738 2824 810 2921 ἀμα
837 2833 883 2926 55
913 2829 1003 2925 ἀντῷ
1024 2841 1081 2902 καὶ
1104 2831 1175 2903 ἀπό
1197 2831 1292 2923 τύχης

276 2945 333 3010 καὶ
354 2935 427 3027 ούχὶ
447 2933 514 3005 ἀπὸ
534 2934 633 3025 τύχης
659 2937 753 3004 ἔσται
781 2933 901 3018 2ὅ),’
886 2931 928 3004 οίν
956 2933 999 3003 τά
1029 2939 1089 3022 μέν
1119 2963 1199 3007 τινα
1232 2937 1292 3004 τῶν

278 3039 392 3110 ἀιτίων
413 3037 516 3109 ἀντον
500 3042 706 3166 γνωρίζῃ,
704 3035 749 3106 τόν
769 3034 846 3106 55³
826 3055 948 3132 αγνοχ·
971 3034 1009 3106 οὗ
1031 3036 1098 3132 γὰρ
1119 3038 1292 3162 555555555

276 3141 372 3266 5555
402 3140 461 3227 τὴν
492 3147 633 3264 ποτίρον
661 3144 726 3209 τῶν
752 3137 866 3214 ἀιτίων
893 3138 1073 3226 ἀγνοιανὴ
1097 3140 1194 3234 τύχη.
1245 3141 1294 3211 Ἕι

278 3245 342 3341 γὰρ
371 3250 494 3335 λέγοιεν
522 3243 568 3335 μὴ
597 3243 656 3328 την
684 3250 770 3312 τιοὶν
797 3239 1045 3336 ἀνθρώποις’
1025 3247 1141 3316 αιτίαν
1174 3245 1288 3331 ἄδηλοι

278 3355 363 3420 ε’ἴναι
383 3347 442 3438 τὴν
464 3345 582 3439 τύχην,
605 3344 691 3418 ἀλλά
710 3343 771 3428 τὴν
791 3343 948 3416 καθόλου
968 3349 1070 3416 πᾶσιν
1084 3346 1295 3444 ἀνθρώποις,

280 3449 350 3524 555
374 3446 456 3533 όλως
477 3454 560 3522 ε’ῐναί
581 3477 614 3521 τι
635 3455 832 3541 συγχωροῖεν
852 3447 894 3518 ἀν
914 3447 973 3532 τὴν
994 3447 1095 3538 τύχην
1102 3503 1112 3534 ,
1140 3451 1296 3530 -διὸόντες

280 3582 314 3625 τε
341 3560 425 3626 ε’ἴναι
455 3552 631 3644 μαντικὴν,
665 3559 721 3620 καί
751 3554 816 3621 τῶν
844 3549 974 3636 ἀδήλων
1000 3551 1231 3628 δοκούντων’
1215 3581 1295 3626 ειναι

273 3665 350 3740 τοῖς
371 3657 485 3738 ἀλλοις
506 3653 685 3744 γνωστικὴν
706 3652 809 3738 ἀντίην
826 3661 1007 3744 τιθέμενοι.
1045 3653 1155 3726 'Ec
1112 3687 1183 3754 γαρ
1199 3662 1296 3729 τοῦτο

278 3763 433 3854 διορίζειν
453 3753 648 3884 βουλόμενοι
668 3763 792 3846 λέγοιεν
813 3757 872 3840 τὴν
888 3757 1018 3842 ἀίδηλον
1033 3767 1107 3840 τοῖς
1122 3758 1298 3844 ἀνεπιστύ·

277 3888 380 3954 μοσιν
400 3860 513 3932 ἀντίαν
533 3859 652 3950 τύχην,
673 3862 768 3930 ἔσται
788 3859 876 3930 κατὰ
896 3866 1014 3932 τοῦτον
1034 3860 1094 3932 τόν
1118 3863 1225 3953 λόγον
1246 3870 1298 3936 καί

274 3965 325 4034 ,τὰ
354 3965 442 4036 κατὰ
469 3964 530 4047 τὰς
557 3961 739 4054 ἐπιστήμας
767 3989 801 4032 τε
828 3971 884 4034 καὶ
911 3969 1026 4055 τέχνας
1046 3964 1211 4056 γινόμενα
1233 3974 1308 4044 τοῖς·
