2804 4762
1110 366 1150 430 39

36 531 37 590 l
147 519 335 584 tantibus
365 520 500 606 aliqua
535 522 668 604 possit
701 539 866 606 praeter
898 529 1021 615 ipsam
1056 555 1151 598 con·

36 601 38 610 ‚
141 624 406 688 saltationem
446 623 562 687 nobis
604 627 823 693 redundare
860 629 1044 712 utilitas,
1093 637 1150 701 si.

146 727 308 813 quidem
330 726 487 791 de'aliis
510 729 633 792 rebus
651 736 1035 815 qnaspraediximus
1051 763 1150 804 eon·
1241 813 1244 820 Ι

138 835 353 896 ,ειιΙῑειηῑεε
375 830 476 894 nihil
497 832 700 898 lucramur
721 850 887 918 praeter
907 842 1032 905 solam
1054 866 1149 909 con·
1203 819 1215 842 Ν

142 936 409 1002 saltationem
433 934 490 1016 ²³³).¹
524 933 608 1015 Quid
625 936 723 1022 igitur
741 952 805 1018 est,
831 946 919 1026 quod
935 965 976 1006 ex
990 947 1149 1012 consulta·

143 1041 233 1106 tione
255 1043 347 1104 dattu·
368 1037 515 1122 assequi?
548 1039 645 1121 Quod
667 1062 736 1104 mtm
756 1041 804 1106 ius
824 1045 961 1128 optionis
980 1050 1149 1114 habeamus

143 1139 381 1229 circat‘agenda,
406 1141 439 1205 id
454 1145 542 1223 quod
556 1163 620 1206 non
631 1142 825 1224 fecissemus,
849 1148 1149 1222 nisieonsnltatione

139 1247 324 1314 fecissemus
342 1244 411 1322 usi,
436 1245 562 1326 (nempe
584 1245 657 1328 quia
679 1247 850 1333 egissemus
872 1251 955 1314 aliud
977 1252 1051 1336 quid
1077 1255 1148 1320 viso

137 1373 199 1416 nos
228 1350 354 1414 ferienti
377 1350 558 1414 obedientes
571 1350 597 1428 ,)
619 1371 702 1414 mmc
724 1350 756 1419 id
774 1355 861 1436 quod
883 1353 999 1418 rationi
1023 1353 1147 1420 videtur

138 1453 333 1536 optabilius,
371 1452 404 1516 id
438 1451 586 1516 sumimus
612 1453 796 1540 egimusque
829 1478 907 1539 prae
936 1457 993 1521 illo
1031 1457 1146 1528 altero.

137 1557 229 1636 Quae
257 1557 360 1624 omnia
382 1569 470 1620 recte
490 1558 687 1636 procedimt,
711 1558 738 1622 si
758 1580 823 1622 non
845 1559 949 1628 omnia
970 1582 1011 1624 ex
1036 1582 1146 1626 neces«

137 1661 232 1724 sitate
260 1660 393 1745 agimus.
454 1659 550 1740 Quod
572 1658 605 1735 si,
620 1681 750 1745 agamus
774 1674 887 1726 cuncta
918 1685 998 1748 quae
1022 1665 1143 1748 agimus

133 1787 177 1828 ex
200 1763 302 1828 causis
322 1762 533 1846 antegressis,
556 1761 600 1824 ita
614 1775 649 1827 ut
667 1763 753 1827 nulla
776 1765 867 1830 nobis
887 1765 927 1830 sit
947 1778 1087 1848 potestas
1104 1770 1143 1836 ad

136 1869 292 1952 agendum
319 1864 370 1929 vel
389 1886 453 1930 non
480 1867 656 1950 agendum,
693 1869 749 1930 sed
771 1867 895 1932 definita
911 1869 983 1952 lege
1000 1869 1033 1932 id
1047 1892 1142 1934 tiniam

133 1993 287 2055 agamus,
312 1973 400 2052 qnod
411 1971 566 2053 agendum
581 1969 673 2032 nobis
690 1982 759 2046 est,
784 1969 963 2060 parimodo
979 1993 1044 2054 quo
1059 1972 1142 2056 ignis

136 2073 280 2138 ealefacit
296 2084 327 2136 et
344 2071 423 2153 lapis
441 2075 588 2136 deorsum
602 2070 724 2148 fertile,
761 2084 791 2134 ct
807 2072 965 2151 cylindrus
982 2073 1013 2136 in
1029 2075 1142 2144 declivi

135 2176 297 2252 volvitm,
336 2174 478 2259 quidest
504 2175 599 2257 quod.
613 2175 651 2236 ad
671 2176 826 2258 agendum
848 2197 888 2237 ex
911 2176 1140 2242 considtatione

133 2282 207 2363 plus
234 2300 329 2362 quam
357 2287 435 2348 ,ante
461 2273 673 2340 babebimus?
706 2279 787 2340 Nam
809 2281 896 2362 quod
921 2290 992 2343 ante
1015 2291 1140 2362 captum

137 2381 303 2452 consilium
318 2402 441 2446 eramus
456 2378 593 2456 factumi,
627 2379 659 2446 id
676 2381 779 2462 ipsum
793 2393 828 2445 nt
842 2393 915 2464 post
939 2380 1138 2452 deliberatio,

134 2508 206 2550 nem
225 2505 355 2570 agamus
375 2503 504 2546 necesse
527 2495 592 2546 est:
627 2505 724 2565 quare
746 2506 787 2548 ex
813 2483 1043 2549 consultatione
1061 2485 1138 2550 nihil

133 2591 173 2652 ad
194 2610 255 2654 nos
277 2586 409 2663 redibit,
439 2597 567 2669 practer
584 2588 647 2650 hoc
668 2586 770 2667 ipsum
793 2587 986 2648 consultare.
1029 2587 1136 2670 Atque

132 2715 204 2756 cum
229 2692 294 2756 hoc
315 2689 418 2772 ipsum
438 2691 543 2752 facere
565 2687 722 2770 possimus
741 2675 834 2752 etianf
857 2691 895 2752 de
912 2668 949 2754 iis
971 2711 1050 2773 quae
1071 2685 1137 2762 noti

131 2807 204 2859 sunt
226 2791 558 2874 nostrae'potestatis,
584 2793 621 2854 de
637 2791 682 2854 eis
699 2790 732 2856 id
751 2791 947 2874 defugimus,
970 2803 1004 2854 ut
1023 2813 1136 2874 super-

132 2919 280 2962 vacuum.
324 2894 447 2960 Inutilis
467 2915 547 2978 ergo
570 2892 670 2982 omnis
689 2892 878 2958 consultatio
898 2893 989 2957 etiam
1012 2916 1134 2958 cumea

128 3013 278 3084 tanquam
310 2997 451 3064 utilitatis
488 2996 604 3078 aliquid
646 2995 737 3060 nobis
777 2995 959 3077 praebitura
980 3047 982 3052 .
1002 2997 1132 3064 utimur.

130 3106 224 3168 Unde
250 3122 352 3184 porto
376 3099 518 3183 sequitur
543 3099 661 3162 frustra
684 3120 701 3160 a
729 3109 840 3163 natura
871 3119 930 3162 nos
958 3099 1006 3161 ita
1028 3097 1132 3162 factos

128 3220 164 3270 ut
189 3203 388 3272 consultandi
414 3204 582 3268 habeamus
612 3201 805 3266 facultatem.
864 3200 923 3264 His
949 3201 976 3264 si
1001 3204 1132 3268 addatur

129 3312 218 3393 quod
242 3320 312 3384 est,
336 3317 367 3370 et
388 3303 441 3368 isti
454 3306 615 3381 fatentur,
641 3316 672 3367 et
693 3303 875 3390 philosophi
900 3325 980 3386 pene
1006 3325 1126 3382 omnes,

126 3412 205 3482 nihil
229 3433 249 3474 a
268 3421 380 3476 natura
397 3408 516 3472 frustra
536 3408 623 3484 fieri,
662 3408 791 3470 tolletur
813 3429 853 3476 ex
868 3427 907 3470 co
926 3405 957 3468 id
980 3409 1066 3488 quod
1088 3429 1130 3472 ex

124 3514 269 3598 ipsorum
291 3511 380 3579 dictis
395 3510 530 3575 infertur
543 3510 661 3578 frustra
676 3533 734 3575 nos
750 3513 789 3572 ad
804 3510 1040 3572 consultandum
1058 3532 1126 3574 esse

124 3630 231 3700 aptos.
278 3617 316 3678 Id
338 3627 440 3680 autem
465 3627 550 3678 recte
569 3612 718 3691 insertur,
744 3612 770 3676 si
792 3614 823 3678 in
850 3635 885 3676 ea
907 3611 987 3696 quae
1005 3617 1125 3697 agenda

123 3731 214 3796 sunt,
254 3741 318 3784 non
332 3717 378 3790 ‚id
404 3718 452 3782 ius
480 3719 671 3793 habeamus,
710 3728 744 3782 ut
766 3715 922 3802 possimus
944 3716 1049 3784 facere
1072 3717 1124 3784 vel

121 3825 185 3886 hoc
207 3822 260 3884 vel
281 3821 346 3884 eius
369 3819 572 3890 sonnatium.

138 3963 169 4032 ⁴)
189 3963 220 4017 V
219 3961 265 4019 ide
283 3971 378 4017 notas.

1236 3777 1243 3810 l
