2758 4760
1100 390 1159 452 163

147 551 239 614 Perit
264 551 364 638 igitur
392 553 469 622 illud
493 555 627 630 sorte,
664 559 789 637 quando
815 579 874 620 ncc
898 557 928 620 in
954 557 1156 640 oppositione
1228 541 1232 549 ³

145 655 283 719 metendi
309 667 340 718 ct
358 677 423 749 non
436 658 582 730 ,metendi
604 657 710 720 locum
729 661 842 735 habet,
875 683 944 722 cum
968 634 1154 748 alterutrum

145 761 263 821 horum
291 760 471 826 necessario
500 760 540 824 sit
575 747 783 837 eventurum,
823 784 925 846 neque
950 764 981 826 in
1005 785 1044 830 en
1069 767 1156 850 quod

144 883 344 946 consequens
377 875 427 926 est
450 863 561 926 utrivis
589 863 674 944 parti
700 863 790 930 istius
816 866 982 942 disiuncth
1016 881 1048 932 at
1078 869 1156 932 illud

141 967 163 1029 s
167 978 256 1030 orte
287 977 354 1028 crat
374 968 458 1032 unde
481 966 678 1034 inserebatur
704 967 885 1052 ambigrnrm
913 983 1063 1056 eventus,
1099 994 1155 1036 atr·

143 1070 249 1134 fertur
271 1090 352 1154 ergo
378 1081 410 1133 et
429 1069 514 1144 ,illud
539 1055 743 1154 ambiguum
782 1072 868 1134 Huic
894 1076 1155 1158 argumentosa-

143 1173 355 1248 cile·obviam
380 1173 500 1250 ibitur,
531 1173 560 1234 si
585 1172 743 1256 dicamus:
773 1195 844 1238 cum
870 1197 930 1238 vos
950 1169 1016 1248 hoc
1038 1176 1156 1256 dicitis,

142 1277 169 1340 si
190 1289 290 1340 metes
312 1279 481 1356 nonforte
495 1290 625 1352 metes,
646 1278 736 1356 ¹sorte
756 1299 825 1356 ,pon
844 1289 962 1354 metes,
986 1283 1167 1362 quomodo.

142 1379 246 1443 uelitis
272 1401 394 1462 ponere
422 1380 501 1449 illud
519 1392 680 1458 metes,
699 1449 703 1458 ,
719 1403 762 1458 nn¹
777 1392 819 1444 nt
846 1377 1080 1458 neceesarium,¹
1114 1377 1157 1446 au¹

140 1495 175 1548 ut
188 1495 319 1551 cunutus
337 1484 501 1568 ambigui?
528 1484 566 1548 'Si
584 1496 619 1546 ut
638 1494 768 1561 eventus
780 1483 945 1569 ,ambiguum
969 1483 1031 1548 iam
1052 1467 1151 1550 hahcss

141 1609 210 1650 mus
233 1586 265 1650 id
284 1589 375 1671 qrrod,
393 1586 595 1668 quaerimus,
621 1589 752 1666 sivero
775 1599 810 1650 ut
831 1587 1066 1664 necessarium,
1090 1588 1152 1669 iam

98 1680 101 1698 ⁴
140 1691 278 1772 primum
297 1690 331 1754 io
357 1689 450 1754 vobis
477 1690 570 1754 vultis
600 1690 732 1754 concedi
752 1702 787 1752 ut
804 1689 1024 1772 perspicuum,
1065 1677 1152 1778 quoii

140 1795 244 1875 ipsum
263 1794 297 1872 in
320 1793 514 1876 quaestione·
531 1805 590 1866 cet.
636 1793 759 1858 Deinde
782 1792 829 1856 sie
857 1815 969 1856 verum
997 1794 1059 1858 erit
1077 1815 1151 1860 ,om-

139 1898 216 1960 nino
236 1899 320 1960 hunc
343 1917 413 1960 esse
434 1919 631 1972 messurum,
655 1917 757 1980 neque
771 1895 880 1960 ⁴locum
899 1895 1018 1960 habere
1032 1898 1152 1979 poterit

136 2001 234 2074 illud,
274 2003 362 2083 quod
382 2002 422 2062 ab
445 1999 522 2081 ipsis
547 2000 679 2064 dicitur:
702 2011 749 2088 ⁴at
774 2021 854 2062 vero
881 2011 935 2061 aut
955 2012 1073 2076 metes,
1098 2012 1152 2064 aut

137 2125 204 2166 non
228 2115 339 2166 metes.
386 2105 558 2183 Quomodo
577 2103 657 2166 enim
670 2149 680 2179 ‚,
704 2123 775 2166 cum
794 2104 928 2166 alterum
945 2101 985 2164 sit
1003 2123 1149 2166 necessa·

139 2208 208 2282 rio,
234 2208 367 2279 alterum
388 2207 428 2270 sit
452 2193 562 2270 eorum
588 2227 667 2289 quae
693 2205 762 2269 ficri
786 2216 959 2288 nequeant,
991 2205 1081 2269 locus
1109 2205 1149 2274 sit

138 2311 191 2372 isti
213 2309 396 2382 louttioni?
428 2311 577 2386 Atsvero
596 2321 649 2372 arnt
670 2311 734 2372 hoc
756 2308 814 2370 erit
840 2319 893 2370 aut
915 2307 1015 2384 istud,
1048 2307 1090 2370 ita
1113 2321 1148 2381 ut

138 2435 201 2478 non
221 2417 375 2495 procedat
393 2411 560 2494 illisquod
580 2415 687 2502 modo,
700 2412 908 2476 conabantur.

594 2609 624 2677 t·
649 2604 682 2664 4·
701 2585 719 2686 ,“

201 2727 348 2791 Alterum
378 2747 457 2798 vero
486 2734 705 2808 argumentum
734 2725 765 2787 in
792 2728 886 2790 rebus
913 2737 960 2807 est
985 2725 1141 2810 positum,

135 2843 316 2912 tantamque
338 2829 369 2890 in
396 2851 428 2890 se
456 2828 666 2892 difficultatem
691 2829 815 2905 habet,
843 2841 878 2894 nt
903 2831 1018 2894 multos
1049 2821 1146 2892 ¹ctiam

137 2933 278 2996 eruditos
295 2932 439 3016 coegerit
459 2933 632 3005 concedere
652 2933 855 3009 seutentiam,
888 2954 967 3015 quae
992 2933 1142 3016 ancipites

135 3050 267 3106 eventus
290 3035 385 3098 tollit.
429 3035 583 3098 Procedit
598 3046 701 3098 antem
721 3025 761 3096 eri
783 3034 838 3098 tali
859 3036 1049 3118 partitione3
1066 3036 1139 3112 Dii,

135 3141 221 3202 aiunt
229 3168 243 3214 ,x
280 3149 332 3200 aut
369 3138 493 3202 definite
529 3149 647 3226 ¹norunt
684 3119 815 3200 eventus
845 3137 1042 3218 ancipitium,
1089 3150 1142 3202 aut

133 3243 252 3305 nullam
275 3240 403 3330 omnino
423 3243 461 3302 de
480 3241 516 3304 iis
534 3242 653 3304 hubent
670 3233 927 3322 perceptionem,
951 3252 1005 3302 aut
1024 3241 1142 3302 habent

134 3345 351 3430 cognitionem
375 3343 583 3422 indefinitam,
615 3345 696 3409 sicut
720 3365 792 3406 nos.
843 3345 943 3426 Atqui
970 3346 1055 3410 credi
1074 3366 1139 3428 non

133 3451 229 3511 debet
247 3449 398 3532 ignorare
418 3446 534 3529 aliquid
552 3469 658 3522 rerum
677 3446 802 3530 eosqui
823 3459 935 3510 cuncta
959 3451 1140 3529 producunt
1173 3527 1175 3532 Ι

134 3573 172 3616 ac
198 3553 394 3636 gubernant,
437 3549 637 3632 qui'mentcs
665 3563 737 3612 sunt
763 3551 892 3615 omnino
920 3551 1138 3633 impermixtae

132 3677 205 3718 cnm
228 3651 374 3728 materia,
407 3663 459 3714 aut
484 3653 608 3734 potius,
647 3653 672 3714 si
698 3655 888 3745 loquentium
916 3666 962 3717 est
985 3657 1136 3730 exactius,

134 3759 189 3840 qni
215 3777 290 3820 vero
313 3778 408 3838 super
429 3756 528 3837 ipsam
551 3755 779 3838 proprietatem
806 3759 1031 3844 intelligentem
1054 3759 1138 3832 exsi-

134 3861 389 3925 stentiamsuam
415 3860 602 3922 collocatam
632 3859 758 3922 habent.
805 3863 916 3943 Neque
947 3862 1026 3926 enirn
1053 3862 1139 3924 dice·

130 3983 202 4036 mus
229 3976 282 4028 aut
303 3985 380 4038 casu
393 3962 550 4036 exstitisse
572 3965 652 4028 hanc
673 3985 780 4062 rerum
803 3977 947 4030 naturam
972 3977 1064 4063 atque
1085 3987 1138 4026 or.-
