2728 4758
263 394 325 456 666

210 628 215 638 ,
260 556 378 631 άυτῶν.
413 564 485 630 Καὶ
499 557 539 629 οῦ
552 558 683 646 πάντας
699 563 734 630 έν
750 557 841 658 πάσῃ
854 563 974 650 γενέσει
989 565 1052 632 τῶν
1067 563 1100 632 ἒν
1113 564 1262 691 Εακτρίρ

260 666 423 786 γυναικῶν
443 671 643 756 μεσουρανεῖ
666 662 750 755 μετά
774 635 853 746 6666
881 672 938 736 καί
958 663 1127 754 ”Αρεος’
1112 693 1145 735 εν
1178 664 1268 747 ἰδίοις

263 759 355 858 ὅροις
381 763 402 851 6
432 764 614 861 φιλόγελως
638 765 836 889 Ἀφροδίτη.
899 765 1018 836 Ἐνδὲ
1004 771 1088 864 ὲ·τῆ
1112 765 1268 864 Λραβία,

190 857 196 868 ’
263 877 321 938 καί
346 873 384 966 66
401 867 562 966 Οσροηνῆ
584 865 689 954 ¹⁴)
653 896 690 939 ου
719 867 833 959 μόνον
847 876 883 940 αί
907 874 1096 962 μοιχαλίδες
1120 870 1270 965 φονεύον-

264 998 337 1055 ται,
366 970 453 1042 άλλά
477 981 533 1041 καὶ
558 971 820 1062 ὑποπτευόμενοι
842 972 902 1044 οῦκ
929 972 1085 1070 άφίενται
1114 973 1271 1066 άτιμῶρη·

266 1101 329 1146 τοι.
385 1074 491 1166 Παρὰ
521 1073 686 1169 Πάρθοις
718 1079 761 1160 ¹⁵)
795 1084 851 1146 καὶ
879 1074 1065 1171 Ἀρμενίοις
1098 1083 1131 1147 οί
1166 1085 1272 1173 φονεῖς

264 1175 499 1273 ἀναιροῦνται,
532 1189 612 1248 ποτὲ
644 1189 703 1268 μέν
731 1177 796 1250 ὑπὸ
827 1183 892 1250 τῶν
920 1184 1102 1265 δικαστῶν,
1134 1185 1220 1252 ποτέ
1240 1185 1272 1250 δὲ
1352 1185 1353 1188 ’

139 1309 142 1316 ·
171 1355 176 1358 ,
267 1277 332 1350 6666
354 1283 418 1352 τῶν
439 1284 602 1372 συγγενῶν
625 1286 688 1352 τῶν
701 1289 953 1406 φονευομένων,
985 1311 1042 1354 και
1064 1281 1123 1356 ἐάν
1143 1311 1195 1365 τις
1214 1311 1273 1378 φο

266 1382 364 1482 νεύσῃ
386 1393 527 1474 γυναῖκα
549 1383 670 1471 66666,
696 1385 717 1470 6
711 1383 932 1476 άδελφὸν”
908 1413 1063 1472 ατειινον,
1089 1387 1111 1471 6
1106 1385 1274 1508 ἀδελφὴν

197 1483 201 1492 ’
267 1485 434 1610 άγαμου,
455 1487 478 1574 6
509 1485 599 1572 ῦιὸυ,
634 1487 656 1573 6
684 1494 881 1611 δυγμτέρα,
919 1487 980 1560 οῦκ
1007 1487 1231 1580 έγιιαλεῖται’
1214 1485 1273 1560 6666

268 1595 376 1672 τινάς,
397 1588 501 1682 νόμου
522 1589 678 1662 τοιούτου
701 1589 905 1723 ὑπάρχοντος
927 1597 961 1664 έν
976 1600 1049 1674 ταῖς
1061 1591 1188 1688 χώραις
1202 1594 1274 1664 ἐκεί-

268 1711 358 1775 ναις·
393 1721 462 1784 παρ
491 1687 630 1779 Ἕλλησι
662 1699 698 1764 δέ
720 1703 777 1764 καί
794 1693 975 1788 Ῥωμαίοις
987 1700 1121 1820 μείζονι
1143 1697 1275 1822 τιμωρίρί

189 1795 195 1807 “
268 1794 519 1886 ὑποβάλλονται
541 1804 573 1867 οί
594 1801 658 1868 τῶν
680 1797 806 1869 οικείων
834 1806 890 1868 καί
919 1825 1082 1890 συγγενῶν
1115 1800 1276 1896 φονευταί.

193 1912 198 1922 “
266 1889 322 1970 Ἐν
334 1899 473 1994 ’Ἀτροις
494 1897 580 1992 16)
562 1928 581 1969 ο
604 1907 803 1972 κλέπτοντι
826 1899 949 1990 ὀβόλου
971 1903 1066 1988 άξιου
1087 1901 1273 2026 λιθάζεται

256 2031 362 2098 -παρα
348 2002 995 2100 Βάκτροιςῦλίγακλέπτωνἐμπτῦεται
1009 2006 1105 2099 παρά
1110 2005 1293 2097 Ῥωμαίοις

266 2112 410 2196 πληγαῖς
437 2106 613 2193 άιιιίζεται,
642 2110 790 2178 τοιοῦτοι
810 2107 875 2204 γάρ
898 2115 930 2178 οἱ
950 2105 1059 2200 νόμοι.
1105 2108 1194 2182 Ἀπὸ
1209 2107 1276 2180 ’66-

271 2208 405 2305 φράτου
426 2215 581 2302 ποταμοῦ
602 2216 773 2306 καὶμέχρι
795 2215 854 2281 τοῦ
872 2208 1033 2283 Ὠκεανοῦ
1064 2211 1109 2297 ῶς
1132 2219 1183 2284 ἐπὶ
1203 2210 1278 2284 666-

271 2313 394 2395 τολάς,
429 2311 448 2382 6
470 2310 723 2407 λοιδορούμενος
745 2311 788 2394 ῶς
809 2313 945 2411 φονεὺς,
977 2314 999 2401 6
1020 2313 1065 2398 ῶς
1087 2322 1225 2402 κλέπτης
1243 2310 1277 2384 οῦ

272 2413 358 2486 πάνυ
380 2414 576 2504 άγαναιιτεῖ·
610 2413 687 2486 ὁδέ
710 2414 754 2498 ῶς
775 2413 1006 2512 άρσενοιιοίτης
1027 2419 1150 2492 ἑαυτὸν
1171 2423 1282 2490 εἰιδιιιιῖ

268 2523 368 2614 μέχρι
388 2527 443 2589 καί
466 2516 584 2616 φάνου.
637 2517 725 2614 1169'
740 2512 881 2604 Ἐλλησι
908 2528 965 2590 καί
986 2528 1019 2591 οί
1041 2531 1148 2619 σοφοί
1170 2523 1279 2617 ἐρῶμεν

274 2649 352 2706 νους
379 2625 504 2714 ἔχοντες
533 2619 571 2692 οῦ
593 2627 766 2721 φέγονται.
815 2620 934 2694 '‘Ev
893 2651 931 2721 τῃ
955 2622 1038 2724 6666
1056 2623 1223 2723 Ανατολῦγ
1243 2623 1280 2705 ¹⁷)

273 2721 541 2856 ῦβριζόμενοι,’
524 2723 582 2796 666
594 2729 812 2816 γνωσθῶσιν,
833 2724 898 2798 ὑπὸ
921 2726 1119 2826 άδελφῶν’“
1097 2760 1119 2815 η
1130 2733 1281 2824 πατέρων

274 2836 331 2898 ιιαὶ
359 2831 521 2918 συγγενῶν
549 2826 768 2925 φονεύονται,
803 2838 860 2902 καὶ
888 2833 999 2928 ταφῆς
1026 2831 1200 2929 προδήλου
1228 2828 1280 2902 οῦιι

266 2929 454 3016 ,ἀξιοῦνται
489 2932 595 3027 Παρὰ
608 2937 644 3004 δέ
658 2939 679 3004 Ι
685 2931 802 3017 σίλλοις
819 2934 863 3018 ¹⁸)
878 2940 911 3004 οῖ
926 2939 994 3009 νέοι
1005 2939 1201 3058 γαμοῦνται
1216 2933 1244 2984 ¹⁸
1245 2936 1281 3016 ε)

271 3033 359 3124 μετά
379 3037 586 3130 παρρησίας,
616 3033 655 3108 οῦ
676 3035 789 3135 φάγον
810 3041 909 3108 τοῦτο
930 3035 1131 3129 ἡγούμενοι,
1154 3039 1211 3110 διά
1230 3035 1281 3108 τὸν

274 3134 350 3231 παρ’
374 3136 488 3220 άυτοῖς
490 3136 622 3261 νόμον
657 3145 729 3214 Καί
749 3138 788 3210 66
811 3138 991 3214 δυνατόν
974 3159 1045 3212 εστι
1065 3141 1199 3226 πάντας
1213 3137 1282 3220 τοῦς

275 3244 311 3312 έν
331 3239 499 3336 Γαλλίατ
482 3240 589 3324 ου’τιος
620 3240 735 3324 ἀθέως
756 3223 998 3371 ὑβριζομένους
1024 3251 1179 3338 λαχεῖυ’
1163 3273 1209 3316 εν
1217 3251 1282 3320 ταῖς
1316 3309 1323 3326 ,

240 3335 242 3342 ’
269 3349 420 3433 ,γενέσεσι
444 3343 635 3442 Φωσφόρον
655 3344 734 3435 666²
756 3343 916 3441 Ερμοῦ
900 3367 934 3418 εν
955 3344 1059 3429 ῦίκοις
1073 3345 1213 3444 Κρόνου
1234 3350 1282 3417 καί

275 3443 382 3571 ὁρίοις
395 3446 515 3542 Ἀῥεος
536 3447 704 3529 δῦνοντας.
743 3445 798 3520 Ἐν
818 3453 1006 3544 Βρεττανία
1031 3458 1154 3522 πολλοί
1176 3450 1283 3541 ἄνδρες

275 3553 357 3639 μίαν
383 3559 523 3639 γυναῖκα
551 3553 700 3642 ίχουσιυ
736 3554 833 3622 666
796 3556 833 3622 δέ
848 3555 893 3650 τῆ
914 3557 1066 3648 Παρθίᾳ
1087 3561 1212 3626 πολλαί
1232 3578 1284 3640 γυ·

248 3707 250 3716 ,
275 3660 384 3734 ναῖκες
405 3658 463 3726 ῖνα
483 3653 611 3748 ἄνδρα,
633 3663 690 3726 ιιαί
709 3657 816 3726 πάσαι
833 3628 1070 3752 σῶφρονοῦσαι
1085 3655 1283 3746 πειθόμεναι
1351 3695 1353 3704 1

276 3753 369 3850 6666
381 3756 468 3829 κατά
482 3755 540 3828 τὸν
559 3755 671 3848 νόμον.
709 3753 765 3830 ‘Ac
787 3763 823 3828 δὲ
832 3757 1012 3847 Ἀμαζόνες
1033 3763 1145 3832 πᾶσαι
1167 3760 1285 3851 ἄνδρας

276 3857 338 3930 666
359 3861 505 3951 ἔχουσιν,
542 3856 611 3932 ἀλλ’
637 3858 681 3942 ῶς
701 3859 745 3930 τά
765 3859 874 3950 ι’ίλογα
901 3864 971 3944 ζῶαῚ
990 3856 1081 3947 άπαξ
1101 3867 1164 3936 τοῦ
1187 3868 1304 3938 6666·

274 3969 350 4058 περί
371 3961 429 4047 666
450 3961 582 4058 ἐαρινὴν
606 3961 795 4058 ἰσημερίαν,
817 3961 1078 4059 ῦπιρβαίνυυσαι
1094 3965 1174 4048 τοῦς
1189 3964 1285 4039 ι’δίονε
