2728 4758
289 1119 292 1126 ⁵
379 1179 477 1264 ΕΚ
520 1169 660 1262 ναν
693 1171 1140 1266 ΒΑΡΔΙΣΑΝου.

297 1396 517 1482 [Ex'Eusebii
538 1395 725 1478 Praeparat.
749 1348 906 1480 Evangel.
937 1395 980 1458 L.
1005 1393 1069 1458 vl.
1095 1387 1137 1459 C.
1160 1394 1223 1476 X.]

323 1832 426 1905 Κατά
442 1829 544 1931 φύσιν
564 1829 584 1902 ό
603 1829 787 1930 ἄνθρωπος.
809 1835 986 1922 γεννᾶται,
1007 1837 1190 1933 τρέφεται,
1210 1831 1265 1903 ἀκ·

261 1933 372 2030 μάζει,
399 1939 519 2031 γεννᾷ,
555 1939 680 2019 ἐσθίει,
716 1938 816 2019 πίνει,
849 1939 1026 2028 κοιμᾶται,
1056 1940 1163 2033 γηρᾷ,
1185 1934 1263 2006 ἀπο-

261 2039 420 2124 θνήσκει,
457 2047 512 2109 καὶ
543 2042 647 2119 τοῦτο,
674 2037 798 2120 παντὸς
829 2036 1016 2134 ἀνθρώπου
1051 2049 1110 2111 καὶ
1146 2038 1267 2120 παντὸς

261 2142 386 2233 ἀλόγου
407 2140 501 2228 ζόου,
522 2150 577 2211 καί
603 2141 646 2211 τά
666 2151 727 2230 μὲν
748 2141 835 2214 ἀλλα
856 2145 923 2226 ζῶα
942 2141 1070 2238 εγυχικά
1089 2143 1174 2213 ὄντα
1185 2197 1195 2227 ,
1215 2149 1267 2212 καί

261 2246 374 2317 διόλου
390 2245 474 2314 κατὰ
496 2243 685 2335 συμπλοκὴν
705 2250 915 2333 γεγενημένα,
937 2244 1051 2316 διόλου
1072 2245 1192 2337 σχεδὸν
1212 2272 1267 2314 κα

261 2351 305 2420 τά
332 2345 434 2444 φύσιν
462 2353 607 2443 φέρεται.
664 2351 759 2417 Λέων
787 2356 1001 2443 σαρκοφαγεῖ
1027 2357 1084 2419 καί
1113 2346 1269 2446 ἀμύνεται

260 2455 288 2522 ἐί
308 2479 341 2522 τι
362 2450 528 2536 ἀδικηθῆ·
551 2457 606 2519 καί
624 2449 682 2520 διὰ
697 2453 797 2521 τοῦτο
811 2448 931 2533 πάντες
946 2458 978 2521 οἱ
994 2457 1127 2534 λέοντες
1149 2479 1268 2546 σαρκο-

260 2560 408 2654 φαγοῦσι
434 2561 489 2624 καὶ
518 2551 719 2642 ἀμύνονται,
757 2561 813 2623 καὶ
846 2550 991 2642 ἀμνάδες
1016 2557 1282 2651 χορτοφαγούσι

259 2668 316 2729 καὶ
334 2661 434 2750 κρεῶν
455 2654 514 2746 οὐχ
535 2651 715 2740 ἅπτονται,
738 2664 794 2726 καί
816 2654 1030 2747 ἀδικούμεναι
1050 2657 1115 2728 ούκ
1134 2657 1271 2749 ἀμύνον-

259 2779 333 2831 ται·
365 2769 422 2828 καί
447 2757 465 2828 ὁ
492 2758 593 2840 ἀυτός
617 2758 740 2852 τρόπος
759 2757 867 2844 πάσης
892 2758 1049 2849 ἀμνοίδος.
1101 2763 1272 2857 Σκορπίος

259 2869 321 2955 γῆν
348 2865 458 2932 ἐσθίει
482 2870 538 2931 καὶ
563 2863 640 2944 τούς
662 2861 708 2954 μὴ
741 2861 963 2948 ἀδικήσαντας
989 2863 1114 2950 ἀδικεῖ,
1152 2873 1270 2956 κέντρῳ

262 2965 384 3060 ίοβόλῳ
401 2963 574 3051 πλησσων·
598 2963 694 3050 καὶὴ
720 2964 803 3052 ἀυτὴ
822 2969 921 3037 κακία
945 2965 1077 3038 παντων
1100 2971 1273 3064 σκορπίων,

227 3111 229 3116 v
262 3068 408 3165 Μύρμηξ
427 3068 514 3139 κατά
535 3067 637 3165 φύσιν
662 3066 729 3138 ὀῐδε
754 3073 911 3159 χειμῶνος
936 3075 1128 3162 παρουσίαν
1153 3082 1212 3142 καί
1234 3068 1271 3140 δι’

263 3167 343 3257 ὅλης
364 3176 500 3268 θερείας
520 3171 654 3262 κάμνων,
675 3171 879 3242 ἀποτίθεται
900 3177 1006 3270 ἑαυτῷ
1030 3173 1167 3271 τροφάς
1178 3229 1188 3258 ,
1223 3181 1275 3244 καί

256 3274 382 3368 ,ὁμοίως
407 3274 526 3356 πάντες
555 3272 720 3368 μύρμηκες
744 3273 946 3369 ἐργάζονται.
1010 3282 1176 3348 Μέλισσα
1204 3281 1275 3368 μέλι

257 3386 396 3474 γεωργεῖ
412 3384 458 3464 ¹),
491 3382 523 3464 ἐξ
550 3378 590 3449 ὀύ
611 3387 666 3448 καί
688 3385 860 3474 τρέφεται,
889 3389 944 3450 καὶ
971 3377 992 3465 ἦ
1022 3379 1110 3464 ἀυτὴ
1136 3383 1276 3474 γεωργία

259 3479 384 3563 πάσαις
400 3484 581 3573 μελίσσαις.
624 3485 695 3553 Καὶ
716 3471 757 3566 ἦν
780 3481 889 3553 πολλὰ
910 3486 977 3569 ἐίδη
999 3486 1182 3565 ἐκθέσθαι
1200 3484 1275 3578 ἡμίν

259 3589 324 3657 τάν
345 3584 449 3670 ζώων,
485 3580 584 3656 ἀτινα
605 3590 664 3670 τῆς
685 3584 814 3682 φύσεως
837 3584 883 3675 μὴ
910 3583 1076 3678 δυνάμενα
1104 3593 1277 3686 ἐκστῆναι,

259 3687 361 3760 πολύν
382 3689 592 3780 θαυμασμὸν
613 3700 793 3782 παρασχεῖν
815 3688 895 3778 ἡμῖν
913 3688 1091 3761 ἐδύναντο·
1119 3687 1192 3762 ἀλλ’
1221 3690 1278 3761 ἀν·

260 3791 364 3888 τάρκη
394 3790 567 3883 ἡγησαίμην
598 3797 633 3860 ἐκ
665 3797 727 3863 τῶν
758 3801 1002 3885 παρακειμένων
1024 3791 1277 3882 τίηνζάπόδειξιν

264 3894 496 3982 ποιήσασθαι,
519 3889 571 3966 ὅτι
594 3894 636 3966 τὰ
658 3905 716 3984 μὲν
733 3895 820 3969 ἀλλα
838 3901 907 3983 ζῶα
920 3899 1007 3982 κατα
1023 3897 1083 3986 την
1100 3897 1278 3984 κοινότητα
