2758 4760
236 411 276 474 78

236 607 268 648 τι
298 574 389 674 ἐφ”
370 582 469 667 ημῖν,
505 580 575 643 καὶ
590 571 630 643 τὸ
659 567 867 681 ἐνδεχῶμενον
888 575 922 642 ἓν
943 578 1012 652 τοῖς
1032 566 1246 663 πράγμασιν,

237 681 307 822 ἀλλ’
332 679 371 751 οὐ
394 677 507 776 φωνὴν
527 671 639 767 μόνον
994 717 998 725 ν

303 889 383 967 Πῶς
402 882 467 978 γὰρ
490 881 529 954 06
552 886 702 980 φανερῶς
722 884 847 979 ψεῦδος
867 880 907 951 τὸ
929 885 1033 969 λέγειν
1058 885 1089 965 .“)
1114 883 1188 950 ’πᾶν
1210 881 1249 948 τὸ

242 986 399 1081 ἱπόμενὸν
419 1014 484 1058 τινι
505 989 540 1071 ἐξ
565 989 685 1056 ἐκείνου
718 985 790 1055 τῆν.
808 983 920 1056 ἄιτὶαν
948 989 1007 1054 τοῦ
1036 987 1120 1054 ἐῖναι
1151 984 1254 1072 ἔχειν,
1281 1009 1283 1014 ’

242 1102 299 1166 καὶ
320 1096 386 1163 πῶν
409 1090 448 1160 τὸ
469 1086 715 1213 προηχσύμενόν
737 1113 842 1172 τινος,
870 1085 978 1157 ἆὶτιον
998 1083 1155 1180 ὑπάρχειν
1175 1088 1255 1156 ἐκεί·

242 1225 299 1291 νῳ.
350 1191 499 1316 Ὀρῶμεν
529 1192 594 1285 γὰρ
627 1185 681 1261 ἔπι
708 1190 752 1261 τὰ
784 1193 898 1286 εφεξῆς
926 1187 1123 1313 ἀλλῆλρις”
1099 1216 1187 1260 οντα
1207 1193 1255 1285 τῷ

239 1296 349 1394 χρόνῳ
371 1295 410 1366 06
432 1293 542 1366 πάντα
564 1293 620 1364 διὰ
642 1293 686 1364 τῶ
692 1295 937 1416 ἔμπροσθεν
917 1301 972 1362 καὶ
986 1291 1060 1386 πρὸ
1074 1290 1187 1364 ἀυτῶν
1203 1319 1257 1381 χε

244 1399 368 1493 χονότα
386 1403 529 1522 χίνεται·
565 1395 640 1468 ὀύτε
658 1396 731 1518 χῶρ
746 1396 787 1464 τὸ
808 1400 953 1483 βαδιζειν
974 1395 1085 1465 διὰ
1052 1424 1091 1466 το
1113 1393 1258 1478 ἀναστῆ-

243 1534 318 1589 ναι,
356 1501 431 1573 ὀύτε
458 1500 517 1585 νὺξ
547 1499 604 1571 διὰ
630 1498 691 1583 τῆν
711 1496 838 1592 ἡμέραν
865 1496 942 1569 ὀύτε
964 1497 982 1567 ὁ
1004 1503 1072 1570 τῶν
1088 1486 1258 1589 Ἰσθμίων

146 1687 148 1691 y
245 1606 335 1697 ἆχών
367 1603 425 1698 διὰΙ
450 1603 509 1696 τὸν
537 1605 601 1672 τῶν
630 1599 837 1691 Ὀλυμπίων,
888 1599 959 1671 ἀλλ’
999 1601 1075 1672 οὐδε
1107 1600 1166 1672 διὰ
1188 1599 1259 1670 τὸν

244 1710 389 1802 χειμῶνα
409 1705 448 1777 τὸ
469 1711 586 1800 θέρος.
625 1699 735 1775 Ὅθεν
756 1712 810 1774 καὶ
831 1702 1042 1795 θαυμάσειεν
1064 1704 1106 1776 ῶν
1126 1703 1282 1785 τις.ιἐν·.

245 1813 324 1935 τρὺς
344 1810 405 1896 τῆν
425 1811 490 1879 τῶν
511 1806 626 1879 ῶιτίων
647 1804 809 1879 ἀπόδοσιν
836 1807 869 1891 ²)
905 1813 1023 1878 τοῦτον
1043 1812 1262 1899 ποιουμένους

247 1915 306 1985 τὸν
333 1912 477 2008 τρόπον,
525 1909 569 1992 ῶς
596 1909 647 1997 ὅτε)
677 1911 718 1980 τὸ
749 1915 880 2005 πρῶτον
906 1911 1040 2000 γεγονὸς
1075 1910 1261 1982 ἆιτιοῖσθαι

247 2016 345 2101 16⁵)
376 2013 460 2107 μετὰ
481 2019 580 2084 τοῦτο
602 2022 658 2084 και
678 2022 783 2085 ποιεῖν
804 2013 1005 2086 ἐπισύνδεσίν
1025 2042 1101 2086 τινα
1121 2023 1179 2085 καὶ
1200 2040 1262 2086 συν

215 2167 218 2174 .
252 2127 360 2212 ἑχειαν
393 2121 459 2188 τῶν
487 2116 620 2202 ἆιτίων,
660 2127 716 2187 καὶ
745 2117 869 2203 ταύτην
897 2121 956 2188 τοῦ
984 2117 1125 2210 6666'6
1106 2121 1264 2200 αναιτὶως

252 2227 412 2314 χινεσθαι
434 2225 594 2316 φέρονται
616 2220 675 2304 τῆν
697 2219 818 2291 ῶιτίαν.
857 2219 1058 2317 Ὁρῶμεν
1020 2251 1085 2350 χαρ
1107 2226 1161 2292 ἐπὶ
1181 2228 1264 2291 πολ·

253 2322 359 2396 λῶν
339 2323 422 2403 αυτὸ
449 2332 506 2393 καὶ
533 2329 603 2404 τοῖς
629 2320 773 2446 πρώτοις
794 2332 850 2394 καὶ
871 2333 942 2407 τοῖς
961 2323 1112 2446 ὑστέροις
1132 2330 1265 2414 γινομέ-

253 2455 324 2508 νοις
345 2425 383 2496 66
397 2424 519 2496 ἆὶτιον
541 2429 601 2496 τοῦ
615 2429 696 2515 χοῦν
717 2425 905 2512 ἀναστῆναι
925 2438 981 2499 καὶ
1002 2433 1062 2499 τοῦ
1083 2431 1266 2521 περιπατῆ-

254 2556 314 2600 σαι
335 2529 374 2599 τὸ
396 2527 479 2599 ἆυτὸ
501 2526 623 2613 ὄιίτιον,
659 2525 699 2597 06
727 2529 792 2623 γὰρ
820 2530 860 2600 τὸ
881 2529 1065 2616 ἀναστῆναι
1092 2536 1152 2600 τοῦ
1174 2558 1267 2625 περι-

253 2636 420 2718 πατῆσαι,
458 2630 527 2702 666
559 2629 756 2727 ἀμφοτέρων
773 2630 804 2702 6
832 2632 980 2715 ἀναστὰς
1001 2642 1057 2704 καὶ
1077 2638 1268 2728 περιπατῶν

253 2734 377 2818 ἆίτιος,
413 2743 477 2804 καὶ-
496 2731 524 2819 ῆ
540 2732 659 2805 τούτου
680 2739 882 2830 προαίρεσις.
919 2734 1063 2831 Ὁρῶμεν
1084 2735 1116 2808 6.
1136 2731 1190 2807 ὅτι
1211 2745 1268 2808 καὶ

254 2838 372 2919 νυκτὸς
392 2845 448 2907 καὶ
468 2835 593 2931 ἡμέρας
614 2836 708 2923 τάξιν
729 2839 805 2910 τινὰ
825 2844 969 2929 ἐχουσῶν
1000 2836 1029 2924 4)
1062 2840 1145 2934 πρὸς
1166 2837 1270 2924 6666-

257 2947 320 3023 λας
339 2938 377 3012 ἳν
397 2949 454 3011 καὶ
475 2939 577 3012 τᾶυτὸ
599 2941 726 3025 ἆὶτιον,
754 2940 875 3032 ὁμοίως
896 2949 932 3013 δὲ
953 2952 1009 3014 καὶ
1030 2948 1089 3026 τῆς
1108 2948 1173 3016 τῶν
1195 2971 1270 3013 και-

258 3048 324 3139 ρῶν
348 3047 535 3135 μεταβολῆς
564 3049 603 3130 ⁵).
644 3045 690 3116 Οὐ
716 3045 782 3139 γὰρ
811 3043 830 3114 6
853 3045 974 3136 χειμῶν
994 3045 1101 3127 εἰἰτιος
1121 3051 1271 3138 1066&-

186 3166 189 3172 '
260 3175 360 3242 ρους,
392 3145 462 3216 ἀλλ’
493 3150 614 3219 ἐκείνου
641 3176 676 3217 τε
707 3157 763 3218 καὶ
793 3147 914 3219 τούτου
943 3154 1003 3220 τοῦ
1031 3154 1141 3220 θείου
1157 3147 1271 3239 σῶμα-

258 3278 316 3332 τος
348 3245 377 3336 ⁶)
409 3253 531 3334 κίνησίς
569 3279 603 3320 τε
632 3261 688 3322 ναὶ
718 3250 905 3345 περιφορὰ,
948 3261 1005 3323 καλ
1035 3250 1057 3337 6
1089 3251 1186 3322 κατὰ·
1211 3252 1272 3323 τὸν

261 3352 357 3438 λοξὸν
378 3351 498 3425 κύκλον
518 3355 726 3443 7)ἔχκλισις,
757 3352 876 3424 καθ’”
863 3352 904 3439 ῆν
925 3354 954 3425 6
966 3350 1060 3439 ῆλιος
1081 3353 1272 3445 κινούμενος

264 3454 417 3529 ἁπάντων
445 3453 566 3548 ὁμοίως
596 3461 661 3528 τῶν
691 3464 931 3584 προειρημένων
961 3457 1068 3540 ἆὶτιος
1102 3461 1141 3542 ⁸)
1197 3463 1271 3530 Καὶ

263 3553 318 3630 ὅτι
338 3590 385 3650 μη
371 3559 525 3644 νυξ
484 3588 542 3644 της
563 3558 687 3654 ἡμέρας
708 3558 815 3645 ἆιτία,
836 3561 858 3647 ἢ
879 3559 898 3629 ὁ
917 3566 1037 3653 χειμῶν
1050 3567 1109 3632 τοῦ
1131 3567 1272 3655 θέρους,

259 3667 344 3754 μηδὲ
366 3667 580 3754 εμπέπλεκται
610 3668 718 3734 ταῦτα
740 3661 895 3748 ἆλλῆλοις
930 3669 958 3746 9)
996 3662 1140 3744 ἁλύσεως
1168 3669 1273 3749 δίκην,

263 3771 323 3846 ἕως
344 3765 385 3836 ἂν
404 3769 511 3836 ταῦτα
531 3769 672 3853 γίνεται,
701 3765 741 3851 6,
771 3771 799 3838 ἐι
819 3765 864 3850 μῆ
887 3764 991 3848 ὁύτως
1010 3773 1161 3857 χένοιτο,
1198 3772 1295 3839 66..

181 3932 184 3942 .
263 3866 504 3954 σπασθῆσεται
523 3867 549 3953 6
568 3873 627 3938 τοῦ
648 3867 775 3960 κόσμου
797 3878 852 3944 καὶ
878 3875 941 3940 τῶν
962 3874 995 3940 ἐν
1023 3869 1113 3964 ἀυτῶ
1142 3877 1274 3962 γινομέ-

265 3998 330 4045 νιιν
351 3999 384 4043 τε
406 3979 462 4042 καὶ
483 3971 585 4085 ὄντων
606 3978 737 4056 ἓνωσις·
761 3971 871 4043 ’ἱκανὰ
890 3973 955 4066 γὰρ
976 3972 1020 4044 τῶ
1040 3980 1123 4044 θεῖα
1144 3981 1189 4057 ¹⁰)
1217 3983 1273 4044 καὶ
