2758 4760
279 981 627 1062 AMMONII
683 983 992 1065 HERMIAE

407 1141 860 1210 COMMENTARIUS

156 1281 207 1343 IN
238 1280 512 1350 SECTIONEM
540 1286 588 1349 ΙΙ.
617 1286 748 1351 LIBRI
777 1285 1101 1351 ARISTOTELIS.

373 1442 416 1496 De
436 1445 668 1519 Interpretatione
686 1447 768 1502 Parte
787 1460 893 1502 octava.

529 1635 777 1670 ,.

382 1830 384 1839 Δ
404 1765 541 1836 (Hrtgona
555 1769 658 1821 Grotio
670 1769 855 1839 interprete.)

585 1876 617 1947 §.
642 1871 674 1933 d.

195 1988 278 2054 Cum
302 1987 401 2076 igitur
423 2002 490 2054 tres
514 1991 693 2074 praedictae
718 1983 937 2075 oppositiones
958 1991 1128 2054 secundum

131 2114 256 2158 omnem
278 2093 430 2177 temporis
452 2094 637 2159 varietatem
658 2093 846 2178 parimodo
867 2111 901 2158 se
920 2096 1072 2171 habeant,
1096 2094 1129 2157 in

130 2217 169 2261 eo
192 2199 280 2280 quod
300 2197 418 2261 faciant
441 2195 494 2262 vel
513 2217 577 2262 non
601 2198 718 2263 faciant
740 2197 1020 2274 contradictiones,
1044 2197 1128 2264 affir-

106 2312 193 2385 ‚mat
214 2293 406 2365 Aristoteles
440 2302 666 2366 enuntiationes
699 2300 904 2384 particulares
937 2299 969 2363 in
997 2299 1129 2363 materia

129 2402 255 2486 quidem
277 2403 452 2468 necessaria
473 2415 504 2466 ct
523 2404 711 2488 impossibili
736 2427 847 2468 verum
865 2416 897 2467 et
914 2404 1028 2468 falsum
1050 2402 1128 2466 defi·

127 2496 191 2571 nite
214 2507 394 2589 dispesoere
412 2519 465 2570 aut
483 2508 671 2572 distribuere
692 2510 863 2572 secundum
879 2528 972 2572 omne
991 2519 1128 2590 tempus.

127 2609 212 2674 Cum
230 2610 311 2674 enim
334 2611 464 2674 materia
485 2611 526 2674 sit
543 2611 736 2688 necessaria,
761 2632 890 2675 necesse
911 2621 959 2673 est
978 2609 1128 2672 Affirma-

125 2713 244 2778 tionem
272 2734 381 2777 veram
411 2735 500 2792 esse,
525 2715 671 2778 'aientem
698 2714 816 2798 quippe
844 2714 922 2778 iilud
950 2713 1127 2795 essequod

125 2817 306 2896 necessario
330 2828 396 2896 est,
420 2817 632 2902 Negationem
654 2839 733 2882 vero
754 2819 866 2882 salsam
888 2838 974 2894 esse,
997 2827 1033 2880 ut
1047 2835 1127 2898 quae
1156 2859 1170 2906 .'

124 2921 217 2986 tollat
237 2921 340 2998 istud,
365 2923 453 3005 quod
474 2917 653 2986 necessario
675 2920 809 2984 exsistit.
854 2918 937 2984 Cum
959 2940 1039 2982 vero
1061 2939 1126 2982 ma·

123 3027 204 3090 teria
225 3025 266 3088 sit
290 3024 505 3106 impossibilis,
526 3046 624 3109 aeque
653 3045 781 3088 necesse
804 3034 852 3086 est
875 3022 1127 3088 Affirmationem

122 3129 234 3193 falsam
253 3149 356 3205 essse,
388 3129 521 3193 aientem
544 3129 661 3214 quippe
682 3127 760 3191 illud
782 3147 868 3203 esse,
893 3128 981 3209 quod
998 3136 1046 3188 est
1066 3125 1126 3189 im·

122 3232 275 3319 possibile
307 3231 352 3311 ᾖ).
418 3233 457 3295 In
484 3233 614 3298 materia
645 3253 725 3297 vero
760 3230 895 3313 ancipite
921 3251 987 3294 non
1015 3230 1127 3292 eodem

122 3339 220 3402 modo
239 3336 358 3400 habere
383 3356 417 3398 se
440 3336 515 3400 dicit
543 3325 700 3402 enuntiata
721 3335 835 3420 quovis
858 3345 960 3397 sumta
980 3343 1126 3414 tempore

122 3441 155 3504 in
173 3439 350 3504 differentia
367 3439 437 3503 veri
455 3452 486 3502 ct
500 3440 584 3505 falsi.
629 3442 712 3504 Nam
732 3435 768 3502 in'
786 3436 959 3521 praeterito
981 3435 1125 3516 tempore

5 3569 20 3624 τ,
124 3565 161 3607 ac
180 3542 358 3626 praesenti,
396 3543 514 3627 quippe
533 3565 604 3608 eum
632 3544 693 3607 iam
716 3564 769 3606 res
792 3543 831 3604 de
854 3561 916 3624 qua
936 3559 1042 3602 sermo
1064 3547 1123 3613 cst,

5 3633 6 3636 Ἴ
49 3636 52 3641 ’
123 3646 246 3723 evenit,
271 3658 413 3730 apertum
436 3668 504 3712 esse
527 3648 657 3711 alteram
675 3649 713 3709 de
733 3667 769 3709 re
789 3665 913 3728 quaque
934 3641 1125 3706 enuntiatio·

121 3772 193 3813 nem
219 3771 290 3813 esse
316 3771 441 3828 veram,
475 3751 586 3816 falsam
611 3771 690 3815 vero
720 3749 862 3813 alteram.
920 3747 1004 3811 Nam
1026 3745 1052 3809 si
1073 3753 1126 3807 aut

132 3970 169 4042 ’ἢ
189 3974 244 4027 Hic
263 3971 375 4026 demum
388 3959 496 4045 ¹incipit
515 3971 640 4043 Hugonie
661 3967 753 4022 Grotii
773 3969 872 4019 versio.
912 3966 1028 4019 Initium
1042 3961 1126 4032 eapi-

195 4073 232 4122 tis
252 4065 377 4124 dedimus
397 4085 430 4122 ex
449 4068 677 4139 interpretatione
697 4059 812 4117 editoris
832 4057 1026 4116 Londinensis.
