2758 4760
263 393 303 454 86

262 561 361 628 τοῦτο
383 560 534 649 ἔχοντας,
561 553 587 624 6
608 562 665 624 καὶ
686 559 756 675 τρῖς
775 551 932 634 ἄλλος’
912 548 1103 642 ἀγαπητόν,
1138 557 1168 624 ἐι
1187 546 1273 642 μετὰ

202 719 207 727 .
262 659 414 749 καμάτου
425 664 552 753 παρείη,
566 658 625 728 τόν
639 656 742 728 ἀυτόν
752 654 909 784 τρόπον,
907 661 936 724 ἐι
950 661 1070 737 ⁰11)va
1080 655 1131 724 ἔτι
1143 659 1272 778 μᾶλλον

263 767 395 834 ἐπὶτῶν
416 761 541 854 ἀρετῶν
559 765 733 850 ἐποιοῦμεν
753 758 811 842 ἰίν,
838 763 868 828 ἐι
889 747 976 842 ἦσαν
994 763 1029 826 ἐκ
1049 755 1182 853 φύσεώς
1204 783 1273 827 τισι

262 870 447 958 παροῦσαι,
469 858 548 957 ὅπερ
575 861 689 954 ἀμέλει
709 867 866 952 ποιοῦμεν
887 866 940 930 lm
955 865 1021 930 τῶν
1045 865 1148 930 θεῶν.
1186 857 1275 929 Ἐπεὶ

263 974 299 1038 δὲ
320 965 522 1038 ἀδύνατον(
503 974 582 1057 ημίν
601 970 718 1048 τοῦτο,
739 973 796 1034 καὶ
817 962 914 1034 οῦδὲν
931 961 1100 1036 ἀδύνατον
1112 966 1165 1030 δεῖ
1180 959 1275 1054 παρὰ
1297 1010 1308 1023 1.

263 1073 322 1154 τῆς
336 1069 467 1166 φάσεως
483 1067 652 1139 ἀπαιτεῖν·
674 1065 773 1152 (ἀείτη
794 1066 859 1159 γὰρ
881 1071 1010 1162 δυνατῷ
1023 1090 1058 1135 τε
1079 1073 1135 1134 καὶ
1153 1061 1278 1134 ἀδυνά·

263 1201 309 1268 τῳ
329 1179 474 1267 μέτρον·
516 1169 681 1294 τελειότης
700 1181 761 1262 μὲν
781 1171 846 1263 γάρ
867 1165 889 1254 ι)
910 1167 1029 1261 ἀρετὴ,
1056 1163 1151 1238 καὶ
1132 1197 1153 1252 η
1174 1164 1278 1260 ἀκρό-

262 1305 322 1361 της
347 1279 406 1360 τῆς
428 1274 551 1356 οἰκείας
572 1272 703 1371 ηιείσεως
727 1271 888 1370 ἑκάστου)
916 1269 1081 1344 ἀδόνατον
1101 1275 1138 1340 δὲ
1163 1267 1277 1351 ἀτελές

263 1406 298 1449 τι
319 1378 357 1449 όν
379 1376 734 1462 ἐντελειότητιέῐναι,
756 1374 921 1456 ἀτελέςδὲ
942 1373 982 1444 τό
1002 1372 1175 1465 γενόμενον
1189 1371 1279 1442 ἰυθῦ

264 1484 310 1576 τῷ
326 1487 489 1570 γενέσθαι
512 1484 574 1564 ¹⁰),
596 1476 673 1548 οῦδὲ
694 1429 755 1563 τάν
770 1477 890 1571 ἀρετὴν
905 1475 976 1548 ὁῑόν
990 1505 1025 1547 τε
1043 1481 1089 1572 τῷ
1104 1473 1278 1571 ἀνθρώπῳ

265 1588 436 1677 συμφῦναι
459 1581 512 1666 ¹¹).
558 1579 605 1650 06
619 1587 732 1672 μέντοι
745 1583 791 1666 ¹²)
813 1579 1006 1671 ἀσύμβολος
1023 1577 1044 1664 ἡ
1063 1578 1166 1677 φύσις
1187 1579 1280 1674 ἀντῷ

264 1685 347 1777 πρὸς
373 1684 433 1769 τὴν
452 1689 568 1769 κτῆσιν
592 1683 711 1769 ἀυτῆς,
732 1683 802 1754 ἀλλ’
826 1686 891 1775 ἔχει
911 1682 987 1777 παρ’
1016 1683 1119 1768 ἀυτῆς
1138 1680 1281 1773 δύναμιν

266 1815 301 1856 τε
326 1795 382 1857 καὶ
404 1785 651 1873 ἐπιτηδειότητα
679 1786 828 1872 δεκτικὴν
856 1788 976 1872 ἀυτῆς,
1020 1783 1063 1870 ἢν
1090 1786 1186 1856 οῦδὲν
1215 1789 1282 1856 τῶν

266 1889 377 1959 ἀλλων
397 1888 486 1974 ζώων
504 1893 585 1981 ἔχει,
606 1898 664 1960 καὶ
678 1889 845 1974 διάῑτήνδε
862 1889 922 1974 τὴν
942 1889 1083 1980 δύναμιν
1105 1887 1280 1982 όάνθρω·

266 2019 329 2072 πος
344 1997 410 2063 τῶν
424 1993 535 2064 ἀλλων
555 1990 645 2077 ζώων
666 1991 765 2088 φύσει
783 2000 950 2089 διαφέρει,
981 1997 1038 2061 καί
1059 2019 1112 2062 τοι
1134 1997 1198 2062 τῶν
1219 1992 1281 2062 ἀλ-

268 2100 333 2165 λων
350 2093 439 2179 ζώων
457 2093 715 2186 ἀπολειπόμενος
732 2101 766 2166 ἐν
782 2104 854 2178 τοῖς
871 2105 1070 2186 σωματικοῖς
1086 2093 1281 2179 πλεουεκτη·

268 2223 382 2288 μασιν.
420 2195 479 2268 ’Et
498 2207 560 2290 μὲν
581 2197 639 2268 όῦν
658 2196 762 2280 ὁείτος
780 2204 905 2290 ἐίχομεν
925 2199 969 2283 ¹³)
997 2195 1073 2288 παρ’
1097 2197 1200 2283 ἀυτῆς
1220 2198 1282 2283 τὴν

268 2298 410 2391 δύναμιν
433 2300 495 2384 τὴν
518 2304 584 2370 τῶν
609 2299 734 2394 ἀρετῶν
760 2301 924 2386 δεκτικὴν,
960 2299 1004 2382 ὡς
1030 2299 1201 2396 προϊόντες
1225 2310 1283 2372 καί

270 2401 489 2524 τελειρῦμενοι
509 2410 567 2472 καὶ
586 2402 710 2488 ταύτην
733 2402 929 2495 λαμβάνειν,
963 2403 1006 2486 ὡς
1027 2403 1067 2474 τὸ
1084 2413 1284 2499 περυτατεῖν,

270 2501 315 2586 είς
335 2505 374 2574 τό
398 2504 555 2590 ὀδόντας,
590 2504 634 2587 ὡς
654 2506 693 2575 τὸ
718 2514 826 2597 γένεια
843 2505 960 2603 (μύειν,
993 2501 1036 2588 οῦς
1060 2507 1144 2577 ἀλλο
1162 2536 1195 2578 τι
1220 2513 1287 2578 τῶν

270 2607 558 2733 λπιγινομὲνρν
539 2617 617 2698 ημῖν
648 2612 735 2679 κατά
761 2609 884 2706 φῦσιν,
924 2605 1064 2680 οὐδ’“
1024 2638 1130 2693 ουτως
1162 2609 1205 2682 ἀν
1232 2609 1284 2707 αρ’

270 2707 349 2800 ἡμῖν
373 2679 468 2795 ἦσαν
492 2717 528 2780 αἱ
556 2710 688 2861 ἀρεταὶ,
725 2708 831 2808 ίίσπερ
857 2711 934 2783 οῦδὲ
959 2717 1024 2784 τῶν
1044 2720 1287 2808 προειρημένων

272 2819 324 2881 τὶ·
346 2816 413 2882 ἐπεὶ
433 2819 471 2882 δὲ
491 2843 537 2904 μη
524 2813 567 2852 ¹
570 2808 600 2899 4)
622 2820 740 2886 τοῦτον
761 2816 819 2886 τὸν
839 2813 963 2910 τρόπον
984 2815 1089 2898 ἀυτάς
1106 2815 1281 2944 κτώμεθα,

272 2918 302 2984 ἐι
331 2905 443 3011 γὰρ
422 2945 464 3002 ην
485 2911 582 3003 ¹⁵)‘'
556 2945 662 3012 ωσπερ
683 2919 727 2988 τά
741 2918 848 3003 ἀλλα,
878 2917 964 2988 ὁότεο
989 2924 1026 2988 δὲ
1047 2928 1104 2989 καὶ
1124 2917 1288 3015 φρόνησίς

273 3043 308 3086 τε
332 3018 432 3088 καὶ’
411 3049 512 3114 αρετη
537 3029 608 3110 τοῖς
629 3020 825 3116 ἀνθρώποις
850 3025 1006 3112 συγγενῆ,
1036 3020 1156 3104 πάντες
1176 3050 1235 3108 αν,
1265 3023 1289 3109 6

274 3117 344 3210 ῦίγε
365 3129 531 3206 πλεῖστοι,
563 3118 670 3218 ίίσπερ
694 3129 760 3195 τῶν
783 3125 892 3195 ἀλλων
912 3124 999 3196 κατά
1023 3123 1144 3220 φῦσιν,
1179 3125 1290 3198 ἀυτῶν

275 3221 467 3316 τυγχάνοιεν
488 3223 552 3310 ¹⁸),
585 3226 662 3297 οῦδὲ
687 3225 748 3311 τὴν
772 3226 911 3318 δύναμιν
931 3226 991 3313 τὴν
1015 3225 1064 3314 ’7)
1084 3232 1149 3300 τῶν
1163 3227 1291 3325 ἀρετῶν

274 3325 427 3413 δεκτικὴν
439 3325 562 3454 μόνην,
583 3327 669 3400 ἀλλὰ
690 3338 746 3400 καὶ
767 3329 827 3412 τάς
848 3329 968 3425 ἀρετάς
988 3330 1093 3411 ἀυτάς
1113 3330 1189 3427 παρ’
1208 3336 1290 3404 ἐκεί·

274 3455 333 3515 νης
353 3429 396 3499 ἀν
417 3435 542 3524 ε’ίχομεν
563 3433 628 3518 ¹⁸),
650 3441 705 3503 καὶ
724 3432 799 3504 οὐδὲ
785 3442 819 3504 ἑν
835 3433 939 3504 οῦδΗ
923 3433 1027 3516 ου’τως
1048 3433 1090 3506 ἀν
1111 3438 1176 3506 ἔδει
1196 3440 1292 3508 ἐπαί-

275 3532 379 3617 νωνῆ
402 3533 520 3629 ψόγων
542 3533 564 3621 6
588 3536 677 3618 τινός
697 3541 761 3607 τῶν
776 3537 952 3622 τοιοῦτον,
988 3541 1092 3608 ἕπὶδὲ
1077 3547 1188 3620 ὲταῐς
1199 3537 1291 3666 ἀρε-

277 3643 351 3716 ταῖς
372 3661 407 3706 τε
428 3646 482 3706 καὶ
504 3641 635 3721 κακίαις
651 3647 831 3736 θειοτέραν
848 3638 1018 3737 πρόφασίν
1038 3669 1073 3712 τε
1095 3651 1154 3712 καὶ
1172 3639 1291 3713 οῦσίαν

243 3819 247 3826 ³
278 3741 337 3823 τῆς
360 3744 546 3834 παρουσίας
566 3740 674 3814 ἀυτῶν
695 3748 819 3836 ε’ίχομεν
840 3744 895 3829 ¹9).
934 3742 1023 3814 Επεὶ
1044 3749 1080 3814 δὲ
1102 3745 1162 3837 οῦχ
1183 3744 1290 3828 όῦτως

279 3843 360 3933 ἔχει,
382 3841 421 3912 οῦ
442 3843 509 3939 γὰρ
530 3844 608 3926 τοῦς
628 3843 772 3932 πάντας,
794 3846 870 3917 οῦδὲ
884 3847 962 3931 τοῦς
976 3852 1149 3930 πλείστους
1163 3847 1290 3943 ὁρῶμεν

278 3945 339 4026 τὰς
360 3943 480 4039 ἀρετάς
500 3949 650 4039 ἔχοντας,
672 3943 692 4020 6
715 3956 779 4022 τεῦν
800 3949 887 4048 κατὰ
908 3949 1011 4046 φῦσιν
1031 3958 1207 4042 γινομένων
1230 3980 1288 4037 ση-
