2758 4760
1098 431 1138 494 93

28 655 30 661 ,
134 585 231 658 tionis
255 587 335 656 enim
356 607 425 652 esse
452 588 608 656 videbitur
634 590 789 658 interdum
817 593 887 660 viro
907 599 1013 679 probo
1037 599 1087 660 vel
1104 599 1137 662 in

135 695 221 770 hoc,
259 705 294 755 ut
323 696 468 758 ostendat
495 695 671 760 libertatem
699 719 785 762 suam
820 699 903 762 circa
935 700 1075 764 actiones
1103 702 1136 765 id

134 818 198 860 non
216 819 333 882 agere,
358 801 444 881 quod
467 821 538 862 curn
558 799 681 862 ratione
702 803 842 864 facturus
863 802 984 878 suerat,
1009 817 1084 885 puta
1108 806 1136 868 si

133 913 221 963 vates
249 901 358 984 aliquis
383 902 591 983 praedixisset
622 903 708 966 illum
733 905 912 969 necessario
943 908 1007 970 hoe
1030 907 1133 972 factu·
1214 892 1217 896 ’

131 1025 217 1066 rum.
261 1007 305 1068 Et
322 1007 385 1069 hoe
401 1007 503 1088 ipsum
520 1007 593 1089 quia
607 1007 805 1090 prospiciunt
825 1021 912 1073 vates
934 1017 1076 1076 metiumt
1095 1033 1134 1075 ne

130 1107 220 1171 illico
245 1109 454 1187 refellantur,
492 1131 556 1183 non
584 1110 687 1173 solent
718 1112 792 1175 talia
823 1113 928 1176 dicere
954 1119 1036 1198 apud
1057 1137 1131 1195 eos,

131 1210 186 1294 qui
217 1210 307 1292 ipsos
340 1212 444 1275 statim
472 1225 606 1296 possunt
637 1214 709 1278 salsi
743 1214 919 1279 revincere.
977 1220 1028 1281 Ac
1054 1220 1135 1284 siout

129 1325 278 1396 tempora
304 1315 435 1379 definire
456 1338 567 1381 eorum
585 1338 665 1401 quae
685 1317 792 1380 futura
814 1319 940 1396 dicunt,
964 1333 1000 1383 ut
1019 1325 1133 1404 depre-

127 1417 274 1482 hensioni
291 1431 507 1501 opportunum
528 1421 704 1506 defugiunt,
729 1422 775 1486 sic
789 1423 881 1486 etiam
900 1436 1012 1487 cavent
1025 1425 1057 1488 in
1075 1447 1132 1488 va·

124 1521 287 1586 -ticinando
309 1523 426 1606 aliquid
447 1523 551 1588 dicere
572 1524 706 1609 illisqui
727 1527 831 1590 statim
850 1527 1042 1592 eontrarium
1063 1528 1130 1592 eius

127 1629 217 1708 quod
237 1628 302 1692 fert
324 1626 522 1706 vaticinatio,
547 1628 670 1692 efficere
692 1643 837 1712 possunt.

571 1733 688 1796 XXX.

125 1861 127 1866 ·
191 1837 288 1918 Quod
310 1857 389 1900 vero
409 1837 539 1920 amplius
567 1837 674 1900 dicunt
694 1859 754 1918 par
775 1859 843 1901 esse
865 1839 951 1902 credi
968 1840 1056 1906 Deos
1078 1843 1129 1906 su·

124 1951 196 2003 tura
216 1961 412 2022 praenosse,
438 1944 590 2006 absonum
618 1940 699 2006 enirn
725 1940 810 2004 dictu
831 1962 887 2006 eos
923 1943 1041 2029 aliquid
1070 1947 1129 2009 irn-

124 2043 307 2109 rninentium
332 2045 508 2129 ignorare,
539 2045 649 2107 deinde
670 2046 734 2108 hoc
759 2057 863 2110 sumto
889 2067 991 2111 exeo
1016 2063 1130 2131 parant
1224 2061 1231 2070 “

124 2151 290 2211 adstruere
312 2149 416 2213 omnia
438 2147 616 2211 necessario
632 2158 663 2209 et
677 2146 815 2210 fataliter
832 2147 920 2226 fieri,
944 2149 977 2212 id
997 2173 1056 2213 nec
1074 2175 1130 2215 ve-

122 2274 195 2314 rum
226 2263 294 2330 est,
328 2274 387 2315 nee
414 2251 595 2334 probabile.
654 2252 736 2313 Nam
767 2251 795 2315 si
822 2263 934 2316 natura
964 2275 1069 2316 rerum
1097 2255 1130 2317 id

123 2355 246 2453 papiat,
286 2355 440 2419 neminem
477 2355 577 2441 magis
611 2354 762 2427 credibile
795 2368 842 2418 est
870 2369 1004 2420 vennere
1035 2379 1129 2421 nosse

122 2481 219 2544 quam
233 2460 345 2524 Deos:
370 2471 401 2523 at
423 2481 493 2522 cum
516 2472 627 2522 natura
652 2461 745 2522 talem
767 2460 1013 2542 praedictionem
1034 2483 1129 2544 prae·

121 2563 362 2647 sensionemque
384 2585 448 2628 non
468 2562 587 2644 capiat,
622 2585 662 2626 ne
680 2563 734 2625 Dii
755 2563 881 2646 quidem
905 2563 991 2627 credi
1013 2567 1130 2630 debent

121 2687 219 2731 nosse
251 2689 331 2750 quae
359 2666 449 2730 nosci
473 2678 643 2749 nequeunt.
703 2666 793 2746 Quae
816 2664 898 2728 enim
921 2666 1050 2730 omnino
1068 2690 1127 2749 per

120 2782 267 2833 naturam
289 2769 359 2834 fieri
377 2782 554 2854 nequeunt,
588 2790 624 2832 ea
646 2769 738 2832 etiarn
760 2773 842 2852 apud
860 2768 948 2834 Deos
969 2791 1037 2832 earn
1059 2792 1128 2834 ser-

119 2886 198 2937 vant
216 2886 373 2936 naturam.
418 2875 500 2936 Nam
527 2873 620 2936 etiam
645 2877 727 2955 apud
756 2874 844 2937 Deos
866 2874 937 2936 fieri
964 2874 1071 2956 nequit
1092 2887 1127 2937 ut

73 2981 76 2989 '
121 2977 283 3040 dimetiens
313 2977 394 3041 linea
427 2978 467 3041 sit
498 2997 558 3058 par
585 2977 697 3053 lateri,
737 2988 790 3038 aut
821 2987 857 3037 ut
892 2975 941 3038 bis
971 2979 1035 3040 duo
1066 2977 1128 3040 sint
1178 3011 1184 3028 ι

120 3080 284 3164 quinque,
326 3093 379 3144 aut
400 3092 435 3143 ut
457 3082 543 3164 quod
571 3080 688 3144 lactum
721 3089 768 3142 est
800 3078 951 3141 infectum
978 3079 1037 3157 sit.¹
1075 3081 1127 3143 Ae

120 3207 160 3247 ne
178 3184 293 3248 volunt
307 3183 433 3267 quidem
448 3184 614 3268 quiequam
629 3203 739 3246 eorum
762 3203 842 3264 quae
857 3181 928 3244 fieri
949 3196 1120 3265 nequeunt.

120 3289 233 3367 (Esset
254 3287 335 3350 enim
361 3286 451 3350 iniis
478 3309 556 3370 quae
579 3286 712 3350 diximus
731 3284 937 3369 repugnantia
960 3289 1124 3368 quaedam)

118 3403 150 3454 et
174 3390 246 3454 talis
279 3402 327 3454 est
356 3389 447 3453 etiam
472 3390 503 3452 in
530 3393 604 3465 eo,'
631 3391 717 3473 qrtod
742 3399 852 3468 suapte
878 3399 989 3448 natura
1017 3401 1125 3468 potest

117 3493 188 3558 fieri
207 3505 260 3557 aut
283 3516 348 3558 non
368 3492 460 3569 lieri,
494 3505 641 3576 tanquam
668 3491 795 3556 omnino
824 3501 877 3557 atu
904 3490 1044 3552 futurum
1071 3505 1124 3554 aut

118 3618 183 3661 nou
213 3597 356 3661 futurum
381 3608 622 3681 praenoscatur.
682 3599 763 3658 Nam
787 3593 814 3656 si
833 3593 1000 3676 praenotio
1023 3595 1127 3676 posita

118 3700 203 3765 tollit
224 3713 355 3764 eventus
375 3700 578 3785 ambiguum,
603 3698 799 3760 manifestum
816 3709 862 3760 est
876 3708 910 3758 ut
921 3699 985 3759 hoc
1003 3711 1125 3760 maneat

118 3801 189 3866 fieri
208 3804 347 3886 nequire
376 3816 411 3867 ut
429 3815 515 3866 certa
537 3804 574 3864 de
602 3822 641 3864 eo
663 3800 703 3863 sit
721 3799 900 3882 praenotio.
946 3799 999 3862 Sic
1021 3813 1122 3864 antem

117 3927 242 3970 serem
268 3909 394 3969 habere
415 3929 455 3969 ex
477 3907 618 3988 ipsorum
641 3901 1030 3984 sentcntiaapertnmest,
1054 3903 1125 3966 inde

118 4011 206 4094 quod
227 4011 291 4075 hoc
313 4022 417 4073 sumto
440 4009 528 4074 Deos
547 4027 718 4092 praenosse
736 4016 867 4092 ¹ventura
881 4005 960 4089 'inde
984 4003 1123 4094 balerunt
