2804 4762
232 379 324 454 vi'

232 577 327 655 quas
349 547 440 630 cuin
464 550 507 629 in
532 555 656 632 almae
680 543 824 653 patriae
842 561 889 626 et
911 549 1069 650 reliquis
1096 551 1237 630 Helve-

232 676 307 752 tiae
327 672 574 751 bibliothecis
599 670 764 773 publicis
793 670 931 746 frustra
956 669 1240 770 quaesivissem,

219 788 302 897 per
327 793 453 870 literas
476 794 556 868 adii
580 791 796 869 Benekium
816 790 1073 867 Professorem
1093 791 1242 868 Gottin-

233 940 413 1013 gentem,
457 913 526 1014 qui
568 913 628 991 vir
668 910 964 987 humanissimus
1001 923 1041 986 et
1077 911 1154 986 iam
1193 913 1242 988 de

229 1033 413 1135 Epistolis
426 1033 640 1127 Socraticis,
667 1019 1243 1123 MemnoneHeracleota,aliis-

136 1163 144 1178 ‘
235 1179 312 1254 que
342 1181 365 1232 a
394 1178 458 1230 me
490 1153 629 1229 curatis
657 1152 894 1227 Graecorum
919 1151 1149 1252 scriptorum
1166 1151 1243 1233 edi-

233 1273 405 1350 tionibus
439 1273 584 1375 optime
615 1273 773 1348 meritus
799 1271 910 1349 brevi
941 1270 1044 1346 misit
1072 1269 1244 1346 collatio·

232 1417 324 1469 nem
350 1393 552 1493 utriusque
584 1391 750 1466 Aldinae
776 1416 866 1465 oum
902 1389 1072 1466 editione
1100 1391 1245 1466 Londi-

231 1512 343 1587 nensi
360 1511 641 1586 accuratissime
658 1510 797 1584 factam
818 1536 841 1583 a
862 1507 1016 1584 duobus
1042 1509 1246 1602 Seminarii

233 1630 465 1728 Philologici
497 1629 702 1704 sodalibus.
750 1627 976 1703 Editionem
1006 1630 1063 1701 lo.
1092 1627 1245 1722 Caselii,

233 1750 301 1849 qui
323 1751 385 1826 vir
410 1748 587 1824 doctrina
608 1759 646 1824 et
669 1748 848 1823 acumine
868 1749 1019 1848 pollens
1035 1751 1122 1822 loce
1140 1749 1247 1823 haud

234 1891 355 1968 pauca
373 1867 599 1944 emendavit
616 1866 777 1964 egregie,
805 1867 1005 1941 Rostochii
1020 1867 1247 1944 1588sorma

234 2000 369 2086 quarta
395 2012 574 2063 excusam
595 1986 785 2062 benevole
805 2011 960 2061 mecum
986 1984 1248 2062 communica·

235 2117 312 2179 tam
326 2133 348 2179 a
362 2105 566 2182 Frederico
582 2104 789 2197 Creuzer0,
807 2104 905 2184 Viro
923 2106 1156 2199 doctissimo,
1166 2107 1248 2206 ipse

237 2225 387 2300 contuli
420 2250 512 2299 cum
543 2207 621 2298 una
652 2250 767 2321 quam
793 2223 874 2322 ipse
899 2225 1139 2322 possidebam
1170 2225 1248 2300 edi-

234 2345 340 2418 tione
361 2341 603 2422 Londinensi
629 2339 725 2415 1658
752 2339 933 2440 impressa
950 2343 1057 2443 ‘typis
1073 2343 1247 2420 Thomae
1359 2411 1364 2418 .

235 2462 431 2563 Roycroft.
468 2461 571 2536 Usus
601 2487 686 2534 sum
716 2461 830 2533 etiam
859 2460 1059 2561 Capitibus
1085 2461 1249 2538 Alexan·

235 2581 295 2663 dri
321 2603 419 2680 quae
445 2605 533 2652 cum
565 2579 797 2654 lectionibus
823 2581 871 2654 ab
898 2579 1008 2655 editis
1033 2581 1141 2655 ‘haud
1158 2603 1246 2656 raro

1005 2739 1222 2754 ...Ο-Ἄ

41 2821 48 2830 '
169 2781 173 2786 ’
235 2821 307 2909 περὶ
330 2817 536 2907 alpanum.
562 2815 705 2880 venans
728 2837 781 2900 ap.
804 2781 924 2880 sirum
946 2815 1041 2881 issa.
1065 2814 1159 2880 sono.
1175 2817 1245 2882 1³0·

95 2977 100 2988 Ι
190 3003 192 3006 v
237 2919 380 2985 sterioris
404 2931 525 2984 autem:
557 2913 738 3008 Ζητήματα
755 2912 974 3008 Ἀλεξάνδρου
996 2914 1139 3011 φυσικὰ,
1165 2925 1248 3012 ,περὶ

234 3024 365 3116 ψυχῆς,
402 3017 627 3114 Μετάφροιοις
648 3023 683 3089 ἐκ
709 3021 772 3089 τῶν
797 3019 992 3110 Λομασκίου
1014 3021 1060 3099 ἐις
1081 3017 1140 3088 τὸν
1160 3023 1249 3112 πρῶ·

237 3150 295 3192 τοο
315 3129 388 3216 περὶ
410 3121 554 3216 οὐρανοῦ
574 3125 716 3212 βιβλίον.
765 3119 925 3210 Ἐπιτομὴ
959 3121 1094 3212 οχολικὴ
1128 3125 1174 3203 ἒις
1205 3122 1250 3192 τοὶ

237 3231 258 3294 ὃ
277 3227 391 3319 πρῶτοι
413 3233 468 3295 καὶ
490 3223 530 3296 τὸ
553 3255 574 3310 η
596 3232 668 3314 περὶ
690 3225 832 3320 φυσικῆς
853 3225 980 3312 βιβλία.
1030 3222 1249 3318 Θεοφράστου

238 3336 311 3421 περὶ
332 3325 526 3412 becelmus
547 3329 699 3431 βιβλίον,ι
721 3330 930 3418 Πριοκιοινοῦ
945 3325 1061 3398 Λύὸοο
1075 3324 1249 3423 μετάφρα.

239 3457 291 3512 σις
313 3434 375 3501 τῶν
402 3425 624 3527 Θεοφράοοοο
652 3437 724 3523 περὶ
752 3425 955 3514 ἆισθὴσεος.
1000 3433 1133 3498 Venetis
1162 3435 1246 3516 typis

239 3537 315 3601 Aldi
336 3549 367 3600 et
391 3535 724 3600 Asulani1536.f01.
770 3535 834 3600 Sed
862 3535 894 3598 in
919 3535 1154 3618 exemplaribus
1177 3559 1247 3600 om·

240 3638 350 3720 nibus,
381 3661 461 3723 qriae
484 3663 554 3704 curn
577 3638 760 3717 Fabricius,
784 3651 851 3702 tum
873 3637 1071 3702 doctissimus
1095 3639 1247 3704 Blochius

242 3743 390 3824 impetiit,
415 3744 519 3807 insunt
541 3755 660 3807 tantrun
676 3740 850 3807 Alexandri
866 3740 1074 3822 Quaestiones
1091 3742 1247 3822 Physicac

241 3869 310 3908 cum
332 3847 416 3910 libro
441 3850 478 3910 de
501 3847 602 3926 Fato,
635 3846 756 3911 omissis
778 3827 906 3929 reliquis
930 3867 1010 3930 quae
1033 3835 1145 3910 titulus
1167 3867 1246 3929 pro-

243 3949 380 4012 miserat.
1143 3953 1146 3962 '
