2804 4762
1050 418 1141 480 ,47

131 591 197 654 isto
217 593 314 658 modo
336 593 514 658 necessario
529 594 634 674 edant.
679 591 775 672 Quod
790 600 891 654 antem
906 588 983 654 aliae
998 587 1073 652 fiant
1096 609 1138 652 ex

133 695 295 777 appetitu,
321 710 374 760 aut
388 697 517 780 insuper
534 717 575 758 ex
592 715 738 770 assensu,
762 693 841 757 aliae
863 713 921 775 per
936 691 1136 776 gravitatem,

132 796 214 860 aliae
232 820 291 880 per
309 801 466 875 calorem,
498 798 576 862 aliae
595 797 654 860 alia
672 781 713 860 en
736 819 850 873 carisa,
875 799 956 860 bane
973 817 1054 878 quae
1075 816 1137 877 per

131 899 303 964 animantia
328 903 425 980 fiunt,
456 902 561 964 dicunt
586 921 654 964 esse
679 899 711 963 in
738 900 937 964 animantimn
963 909 1133 981 potestate,

133 1023 198 1064 non
221 1003 296 1067 item
322 1005 397 1069 alias
419 1025 488 1068 esse
509 1005 541 1068 in
559 1015 715 1088 potestate
741 1003 851 1086 lapidis
878 1015 930 1066 aut
954 1001 1048 1087 ignis.
1093 1003 1138 1066 Et
1185 1009 1190 1022 “

130 1106 210 1167 haee
232 1118 297 1183 est,
321 1121 356 1170 ut
376 1109 566 1191 compendio
588 1108 744 1183 dieamus,
776 1107 905 1172 illorum
927 1108 965 1170 de
987 1127 1027 1172 eo
1050 1107 1137 1190 quod

128 1207 161 1269 in
183 1221 342 1292 potestate
365 1231 434 1276 esse
456 1210 588 1288 dieitur,
613 1211 777 1275 sententia.

196 1623 304 1712 Facile
326 1637 428 1690 autem
451 1625 522 1690 risu
543 1648 581 1689 an
601 1627 653 1691 isti
671 1627 724 1710 qui
745 1628 804 1692 ista
829 1597 935 1692 dieunt
950 1607 1137 1692 communes

130 1740 262 1792 servent
290 1728 428 1792 omnium
449 1730 611 1793 hominum
627 1729 774 1794 notiones
798 1732 837 1794 de
856 1751 896 1795 eo
922 1734 1009 1815 quod
1025 1731 1057 1795 in
1073 1753 1136 1814 po-

130 1842 245 1893 testate
269 1843 380 1895 nostra
401 1844 461 1895 est.
512 1835 594 1896 Nam
619 1832 674 1916 qui
694 1835 734 1895 ab
756 1832 817 1897 illis
840 1847 1012 1918 qrraerunt,
1052 1857 1135 1918 quo-

130 1937 229 1998 modo
251 1933 279 1997 si
299 1946 411 1997 cuneta
433 1935 515 2000 Fato
531 1948 689 2021 aguntur,
721 1936 845 2000 defendi
866 1938 968 2021 possit
988 1959 1057 2002 esse
1078 1939 1136 2002 ali·

130 2036 208 2119 quid
228 2037 260 2100 in
282 2048 391 2102 nostra
418 2050 595 2121 potestate,
639 2059 704 2102 non
729 2040 761 2102 id
782 2053 937 2122 quaerunt
957 2043 996 2103 ad
1020 2062 1136 2104 nomen
1210 2088 1212 2094 s
1241 2021 1246 2028 ¹

18 2175 19 2180 κ
67 2165 69 2170 ’
129 2141 236 2204 solum
252 2141 473 2223 respicientes,
498 2144 554 2204 sed
572 2144 613 2205 ad
632 2161 699 2204 rem
720 2163 801 2225 qrrae
826 2137 1010 2207 eonomine
1035 2143 1135 2228 signi·

131 2241 262 2320 iieatur,
286 2243 319 2307 id
340 2253 388 2305 est
409 2243 578 2309 voluntatis
593 2243 783 2309 libertatem.
807 2245 889 2309 Nam
901 2245 974 2328 quia
988 2246 1049 2308 tale
1065 2267 1134 2308 esse

130 2350 286 2423 eredunt,
319 2348 405 2430 quod
429 2347 461 2412 in
486 2358 644 2431 potestate
670 2360 779 2414 nostra
803 2370 872 2412 esse
893 2349 1027 2427 dieitur,
1062 2349 1136 2416 ideo

129 2449 190 2512 illis
203 2450 441 2527 contradicunt,
466 2451 520 2534 qui
539 2463 651 2515 cuneta
673 2473 714 2515 ex
731 2452 916 2516 necessitate
934 2450 1039 2517 dieunt
1051 2453 1133 2518 fieri.

130 2552 183 2617 Illi
204 2573 285 2618 vero
304 2575 374 2616 erun
394 2556 544 2618 deberent
566 2556 670 2618 dicere
687 2558 729 2618 ob
755 2557 819 2619 hoo
838 2555 942 2638 ipsum
956 2577 1020 2620 non
1038 2577 1135 2639 posse

18 2661 20 2670 “
130 2656 256 2720 defendi
274 2679 343 2721 esse
363 2658 479 2742 aliquid
499 2658 530 2721 in
552 2671 662 2722 nostra
675 2669 857 2740 potestate,
883 2671 914 2722 et
939 2681 1048 2723 causas
1078 2664 1133 2723 ad·

130 2761 206 2824 dere
224 2783 282 2824 our
300 2761 332 2824 id
354 2761 478 2826 defendi
499 2783 563 2826 non
582 2762 706 2845 possit,
730 2784 802 2826 enm
825 2762 969 2827 viderent
994 2785 1063 2827 esse
1076 2763 1136 2827 im-

129 2864 299 2948 probabile
324 2867 367 2928 ob
385 2865 481 2929 multa
507 2887 586 2950 quae
608 2865 669 2948 ipsi
693 2867 725 2929 in
751 2879 908 2949 potestate
933 2879 1043 2931 nostra
1064 2887 1135 2931 esse

129 2966 326 3058 faterentur,
356 2981 392 3032 ut
412 2971 476 3032 hoe
493 2969 697 3033 'conciliarent
723 2989 793 3032 eum
816 2970 959 3034 doctrina
977 2973 1014 3034 de
1038 2971 1134 3046 Fato,

129 3083 299 3154 sperarunt
331 3094 365 3135 se
395 3072 590 3137 auditoribus
625 3073 789 3154 imponere
826 3094 922 3156 posse
952 3095 1010 3157 per
1037 3095 1135 3140 voees

129 3176 221 3240 dubii
243 3176 438 3262 significatus
466 3187 497 3239 et
522 3175 568 3239 sie
589 3177 731 3262 effugere
753 3178 873 3240 absona
897 3177 950 3240 illa
971 3178 1134 3261 sequentia

131 3302 188 3345 eos
208 3279 264 3364 qui
281 3291 436 3367 negarent
455 3283 608 3364 quaedam
623 3301 692 3344 esse
705 3280 737 3343 in
749 3292 858 3345 nostra
872 3292 1041 3364 potestate.
1066 3283 1140 3354 Eos,

130 3386 185 3469 qui
215 3385 261 3450 sie
288 3387 463 3470 loquuntur
483 3383 626 3470 primum*
643 3387 723 3450 iuste
747 3386 815 3468 quis
841 3385 1039 3470 interroget,
1064 3407 1137 3451 ,cur

130 3497 243 3556 cuma
264 3491 348 3555 Fato
370 3491 454 3554 aliud
471 3511 530 3572 per
551 3489 612 3554 alia
628 3490 700 3568 fiat,
731 3490 893 3572 fatrumque
913 3501 1063 3570 operetur
1077 3509 1136 3571 per

129 3603 275 3676 naturam
301 3593 414 3677 cuique
444 3592 491 3656 rei
517 3594 704 3676 propriam,
756 3596 793 3656 de
820 3605 1001 3655 «ceterarum
1029 3613 1134 3656 rermu

130 3697 371 3781 operationibus
397 3719 463 3762 non
485 3697 588 3760 dicant
605 3717 663 3759 *eas
689 3718 757 3759 esse
778 3697 810 3759 in
836 3718 941 3760 earum
963 3707 1132 3777 potestate,

129 3803 186 3863 sed
211 3813 332 3869 tantum
359 3803 397 3864 de
416 3800 653 3882 operationibus
677 3799 898 3864 animantium?
931 3800 1028 3880 Quod
1052 3800 1134 3863 enim

132 3923 188 3968 eos
210 3904 361 3987 impellit,
385 3916 421 3968 ut
439 3925 519 3987 quae
541 3925 608 3987 per¹
618 3901 784 3967 animantia
800 3903 900 3980 fiunt,
926 3923 962 3966 ea
985 3901 1088 3966 dicant
1101 3903 1133 3964 in

131 4020 290 4088 potestate
312 4029 382 4071 esse
402 4007 622 4085 animantium,
647 4006 729 4070 idem
744 4006 805 4077 diei
824 4004 916 4068 etiam
938 4010 975 4070 de
995 4029 1134 4090 tmaqua-
