2804 4762
293 637 369 714 “Ou
388 643 489 735 μέν’
469 647 579 722 αιτίαν
597 651 624 730 ¹)
646 647 721 718 τινὰ
739 647 799 718 τὴν
815 651 1012 781 ἑιμμρμὲνην
1029 657 1099 732 τοίς
1128 675 1257 740 χινομεη

238 775 309 830 νοις
329 753 413 818 ε’ῐναι
433 755 568 838 λέγουσι
588 749 725 836 πάντες,
757 759 789 824 οί
808 760 882 848 περί
896 759 1093 848 ἑιμαρμὲνης
1106 757 1256 844 λε’χοντὲς

238 878 288 932 τι,
302 847 503 980 γνώριμον·
539 851 664 940 ταύτην
687 855 753 978 γὰρ
782 855 982 928 ἀποδιδόασί
1010 885 1045 928 τε
1073 863 1129 932 ναὶ
1150 863 1258 953 φασὶν

239 952 350 1023 ἆιτίαν
363 959 448 1026 ἒῖναι
467 983 526 1025 του
511 959 751 1046 γίνεσθαι
714 987 759 1032 τοι
771 958 946 1050 χινόμενα,
969 957 1008 1032 ίίν
1027 957 1152 1055 τρόπον
1171 962 1260 1050 χίνε-

239 1084 297 1125 ται
317 1060 360 1142 ²).
388 1055 478 1130 Ἐπει
492 1063 528 1128 δὲ
548 1066 736 1160 πλεοναχῶς
756 1063 941 1153 λέγεται
904 1092 949 1134 τα
969 1062 1062 1136 όίτια
1083 1060 1175 1148 3),’
1155 1089 1259 1154 αναχ-

239 1169 335 1231 καῖον
348 1168 419 1242 τοῖς
438 1166 472 1232 ἐν
486 1160 574 1248 τάξει
595 1164 635 1236 τὸ
651 1149 831 1259 πρόβλημα
847 1171 1015 1262 μετιοῦσι,
1045 1169 1176 1262 πρῶτον
1196 1171 1258 1236 λα-
1313 1219 1317 1226 ·

239 1269 326 1353 βεῑν,
348 1262 413 1334 ῦπό
437 1269 511 1338 τίνα
531 1265 655 1364 τρόπον
677 1264 708 1356 ⁴)
731 1273 796 1342 τῦν
816 1270 931 1344 ἆιτίιον
952 1269 1017 1368 χρη
1039 1276 1176 1342 τιθέναι
1197 1268 1259 1355 τὴν

240 1371 452 1462 ἑιμαρμένην·
474 1369 549 1440 οῦδὲ
536 1382 569 1441 ὲν
589 1372 654 1466 χάρ
669 1378 734 1443 τιῦν
747 1379 922 1465 πολλαχῶς
938 1380 1119 1465 λεγομένοιν
1138 1369 1256 1464 χνόρι-

239 1497 304 1561 μον
317 1481 417 1566 χωρὶς
430 1478 489 1559 τῆς
507 1475 631 1560 ὀιιιείας
648 1481 839 1601 διαιρέσεως
856 1474 1041 1568 λεγόμενον.
1072 1481 1260 1570 Διαιρεῖται

240 1579 277 1644 δὲ
298 1580 328 1661 ⁵)
361 1575 405 1647 τόι
428 1581 492 1648 τῦν
514 1585 694 1670 γινομένων
721 1578 813 1652 ὄιίτια
842 1584 890 1664 εἰς
916 1578 1062 1676 τρόπονς
1084 1577 1200 1652 ἆιτιῦν
1230 1579 1262 1663 ⁶)

241 1683 426 1774 τέσσαρας,
466 1681 631 1766 καθὼς(
615 1712 633 1753 ο
659 1687 759 1766 θεῖος
782 1682 1017 1779 Αριστοτέλης
1044 1687 1074 1769 ⁷)
1110 1687 1262 1775 δίδειχεν.

240 1786 305 1854 τῶν
327 1783 391 1874 γὰρ
413 1783 527 1856 ἇιτίιον
552 1785 596 1856 τὰ
617 1793 678 1878 μέν
703 1789 773 1860 ἔστι
792 1786 951 1878 ποιητικὰ
975 1788 1022 1873 ⁸),
1053 1787 1099 1857 τὰ
1118 1791 1154 1859 δὲ
1180 1780 1261 1872 ῦλης

242 1888 345 1978 ἐπέχει
364 1885 481 1977 λόχον,
515 1892 586 1960 ἔστι
606 1895 644 1962 δέ
657 1919 708 1973 τις
732 1897 766 1962 ἐν
780 1890 896 1974 ἆντοῖς
909 1899 966 1962 καὶ
979 1888 1001 1976 6
1016 1889 1157 1962 κατὰτὸ
1172 1890 1261 1973 ε’ῐδος
1336 1974 1341 1980 ,

242 1987 344 2066 σἰιτία.
386 1991 493 2086 Παρὰ
507 1997 542 2062 δὲ
557 1994 618 2076 τὰς
636 2003 722 2088 τρεῖς
736 2000 766 2080 9)
781 1995 907 2077 ταύτας
922 1993 1032 2078 ἆιτίας
1046 1997 1136 2065 ἔστιν
1153 1992 1261 2087 ἆίτιον

242 2092 320 2163 ἰν
301 2102 415 2175 αυτοῖς
440 2103 496 2167 καὶ
512 2095 551 2165 τό
571 2104 663 2180 τέλος
682 2103 746 2184 ¹⁰),
782 2097 883 2170 66'
839 2125 940 2192 χαριν
960 2106 1017 2170 καὶ
1033 2097 1076 2174 τό
1086 2094 1265 2188 γινόμενονΙ

242 2198 378 2322 χίνεται.
418 2202 490 2272 Καὶ
514 2206 678 2274 τοσαῦται
698 2213 760 2292 μὲν
783 2208 820 2272 αἱ
845 2207 910 2274 τῶν
924 2200 1052 2280 ἇιτίιον
1078 2205 1259 2326 διαφοραὶ,

244 2293 298 2370 ότι
311 2301 375 2424 χδιρ
392 2299 433 2372 ἂν
447 2301 555 2386 οίίτιον
571 2295 591 2401 ᾗ
606 2304 716 2390 τινὸς,
737 2302 802 2376 ῦπὸ
816 2332 942 2376 τοντιον
962 2313 995 2376 τὶ
1011 2309 1076 2374 τῶν
1093 2302 1207 2374 ιἰιτίων
1222 2301 1261 2375 όν

243 2401 475 2500 ἑορεδήσεται.
517 2378 645 2480 Ka)
606 2436 671 2498 χιιρ
687 2414 716 2480 ἐι
729 2409 776 2500 μὴ
790 2407 901 2480 πάντα
914 2408 960 2478 τὰ
970 2405 1127 2499 γινόμενα
1136 2404 1261 2478 τοσαῦ-

243 2534 309 2580 τιιν
324 2508 438 2584 ἆιτίιιν
452 2515 576 2596 δεῖται,
597 2509 687 2584 ἀλλὰ
701 2511 744 2582 τό
757 2540 793 2601 χε
808 2515 967 2586 πλείστων
981 2508 1121 2601 δεόμενα
1135 2512 1178 2595 ¹¹)
1194 2506 1264 2601 σῦχ’·

243 2609 432 2707 ὑπερβαίνει
452 2613 511 2686 τόν
533 2614 767 2710 ἀριθμὸντὸν
788 2621 966 2711 ἐιρημένον.
1017 2619 1259 2708 Ιίιιοριμιιτερα

245 2709 271 2790 δ
294 2713 336 2785 όίν
352 2723 399 2802 ¹²)
422 2717 531 2790 ἀντῶν
547 2716 568 2804 ἡ
591 2719 742 2817 διαφορὰ
762 2723 905 2810 γίνοιτο,
926 2720 1018 2788 εἰὲπὶ
1031 2721 1260 2842 παραδείχμα-

244 2819 303 2904 τός
323 2848 413 2904 τινος
428 2850 493 2900 ταν
504 2830 681 2914 γινομενον
699 2831 742 2911 ι5)
763 2822 934 2919 ὁραθείη.
951 2820 1061 2894 Ἔστι)
1083 2822 1157 2906 δίχ’
1140 2849 1180 2894 επ
1203 2819 1262 2892 ἇν-
1267 2877 1270 2889 ,

144 2990 150 3004 .
244 2923 435 3022 δριοίντος’
417 2936 495 3020 ημῖν
514 2925 548 3014 ἡ
546 2933 621 2999 τῶν
642 2928 755 3000 ἀντίον
772 2931 960 3017 δακνομένη
975 2929 1146 3016 διαίρεσις.
1193 2928 1264 2994 Τοῦ

242 3029 287 3116 δὴ
301 3029 538 3158 ἀνδριάντος
516 3062 559 3114 ως
571 3044 631 3123 μὲν
647 3031 819 3117 ποιητικὸν
835 3029 943 3104 σἰίτιον
965 3027 1142 3115 ὁποιήσας
1151 3030 1264 3151 τεχνί-

244 3161 323 3220 της,
345 3132 392 3205 ῦν
406 3135 683 3229 ἀνδριαντοποιόν
696 3139 880 3225 τελοῦμεν,
912 3130 956 3216 ὡς
970 3131 1043 3204 δὲ“
1024 3163 1046 3219 η
1056 3129 1161 3256 ῦλη
1143 3160 1161 3204 ο
1181 3130 1264 3206 ῦπο-

244 3242 389 3332 κείμενος
400 3237 563 3331 χαλκὸς’“
541 3269 562 3322 η
581 3235 743 3322 λίθος,
721 3267 742 3324 η
764 3231 827 3319 &a
848 3236 890 3308 ἂν
911 3225 932 3335 ᾗ
950 3236 989 3308 τὸ
1004 3235 1069 3308 ὑπὸ
1084 3239 1145 3307 τοῦ
1158 3236 1262 3326 τεχνί-

244 3370 305 3416 τον
320 3343 365 3427 ι4)
380 3340 658 3434 σχηματιζόμενον
675 3338 761 3410 κατὰ
779 3337 839 3424 τὴν
849 3347 982 3432 τεχνην·
1005 3338 1112 3412 ἆίτιον
1125 3365 1191 3432 χαρ
1206 3343 1266 3408 καί

246 3453 345 3526 τοῦτο
363 3452 423 3520 τοῦ
439 3453 608 3537 χεχονὲναι
628 3471 662 3520 τε
683 3452 741 3514 καί
759 3448 843 3516 ε’ῐναι
862 3443 920 3518 τὸν
936 3439 1130 3535 ἀνδριάντα.
1164 3439 1268 3516 Ἔστι.

246 3558 281 3622 δὲ
296 3552 406 3622 καὶτὸ
423 3557 509 3632 ἐῖδος
528 3549 565 3618 τὸ
581 3554 614 3618 ἐν
630 3553 676 3642 τῷ
694 3545 894 3642 ὑποκειμένῳ
907 3542 1015 3642 τούτῳ
1029 3542 1202 3637 γινόμενον
1216 3548 1263 3629 ¹⁵)

246 3655 310 3729 ὑπὸ
335 3659 396 3724 τοῦ
413 3656 581 3745 τεχνίτου,
608 3659 665 3720 καὶ
682 3649 764 3722 ἆντὸ
781 3654 842 3720 τοῦ
862 3645 1059 3744 ἀνδριάντος
1073 3647 1198 3733 ιἰίτιον,
1219 3645 1261 3718 δι’

149 3783 152 3790 ·
247 3754 370 3831 ῦέστιν
387 3763 479 3837 ε’ῐδος·
488 3752 669 3840 δισκεύονῆ
684 3752 852 3844 ἆκοντίζον
860 3752 973 3838 16),’“η
988 3757 1028 3823 ἐπ
1024 3751 1159 3824 ἄλλον
1174 3750 1265 3832 τινός

248 3862 430 3969 ὡρισμένον
441 3887 618 3984 σχηματος.
629 3857 687 3930 οο
701 3857 788 3950 μόνα
799 3861 835 3926 δὲ
850 3861 956 3926 ταῦτα
967 3860 1027 3943 τῆς
1036 3883 1095 3926 τοο
1081 3851 1263 3948 ανδριιίν-

226 3979 230 3988 ’
248 3993 305 4046 τος
315 3970 467 4055 χενέσενς
481 3961 574 4036 ιἰίτια
588 3965 694 4044 ἔστιν,
717 3957 897 4040 οὐδενὸς
858 3987 924 4053 χαρ
935 3964 999 4030 τῦν
1010 3957 1125 4030 ἆιτίιον
1138 3985 1196 4042 της
1209 3985 1262 4046 χε-
