2804 4762
1084 415 1123 478 at

112 601 191 644 casu
212 577 312 655 lieri,
348 579 414 644 eius
441 577 489 642 rei
518 595 642 642 causam
672 575 773 644 debet'
799 601 963 663 quaerere.
1016 583 1123 663 Quare

11 735 12 743 ,
112 705 174 746 uec
196 682 310 746 medici
342 682 388 746 sic
416 681 607 766 loquuntur,
645 681 766 746 etiamsi
796 705 906 746 causas
936 686 1124 750 morborum

111 787 220 850 adhue
241 785 404 870 ignorant.
448 786 563 868 Neque
595 805 675 848 vero
702 784 763 849 ista
792 785 961 869 explicatio
989 789 1146 870 nominis

113 890 265 954 fortunae
287 887 348 952 illis
371 890 466 952 rebus
489 887 656 963 convenit,
681 909 759 972 quas
782 909 890 954 omues
912 891 998 954 forte
1019 892 1125 956 sortu-

113 1016 155 1058 na
180 991 269 1056 aiunt
290 991 437 1068 evenire,
473 993 529 1056 sed
558 991 664 1073 potius
686 990 724 1054 iis
746 1012 823 1075 quas
844 993 974 1056 fortuna
997 995 1125 1058 euenire

113 1118 211 1160 nemo
235 1094 363 1159 dixerit.
408 1097 492 1158 Nam
513 1093 710 1158 inventiones
732 1094 871 1158 thesauri
893 1107 924 1158 et
945 1098 1127 1180 perceptio·

113 1222 171 1262 nes
194 1198 294 1263 debiti
315 1217 427 1262 causae
448 1219 513 1262 non
536 1206 608 1261 sunt
630 1198 783 1260 humanae
803 1197 919 1262 rationi
934 1199 1126 1285 incognitae.

115 1301 318 1368 Iuventiouis
341 1301 423 1364 euim
445 1322 539 1366 eausa
559 1299 620 1364 fnit
640 1300 771 1376 fodere,
805 1301 1019 1384 perceptionis
1042 1323 1123 1369 vcro

114 1404 274 1490 progredi
301 1405 334 1467 in
360 1404 480 1469 forum.
532 1405 614 1468 Nam
635 1423 738 1487 neque
759 1403 813 1466 ifle
834 1407 1016 1468 thesaurum
1037 1405 1128 1469 inve·

115 1509 234 1584 nisset,
259 1507 319 1572 nisi
339 1507 495 1584 fodisset,
524 1527 628 1590 neque
651 1509 730 1571 alter
750 1508 947 1591 percepisset
969 1492 1126 1587 debitum,

116 1612 177 1676 nisi
207 1611 239 1674 iu
268 1612 376 1677 forum
397 1610 619 1692 processisset.
666 1611 728 1674 Sed
750 1611 823 1695 quia
844 1611 904 1675 ista
925 1634 990 1676 non
1012 1613 1130 1696 princi·

117 1715 245 1798 paliter
263 1714 331 1777 sive
360 1734 402 1776 ex
429 1714 576 1776 consulto
613 1735 706 1776 eausa
741 1714 848 1777 talium
884 1715 993 1793 fuere,
1040 1729 1129 1780 eraut

122 1819 204 1882 enim
226 1817 368 1882 actiones
389 1815 468 1880 istae
491 1813 655 1898 susceptae
677 1816 805 1882 alterius
828 1818 875 1881 rei
898 1819 1023 1904 gratia,
1058 1819 1130 1884 ideo

121 1922 208 1986 forte
229 1922 362 1988 fortuna
383 1919 454 1982 fieri
474 1919 548 1982 talia
570 1922 755 1985 ereduntur.
806 1921 853 1985 At
875 1923 1001 1987 occidte
1022 1925 1133 1986 huma·

122 2046 180 2088 nae
203 2023 320 2089 rationi
340 2023 395 2086 illa
416 2021 542 2104 potius,
578 2044 657 2105 quae
686 2043 746 2104 per
773 2025 947 2088 naturalem
981 2026 1133 2090 dissiden-

122 2127 198 2190 tiam
220 2125 450 2210 (antipathiam)
473 2126 644 2188 ereduntur
659 2124 746 2201 fieri,
770 2137 806 2188 ut
821 2127 852 2188 in
868 2128 1028 2203 amuletis,
1054 2149 1134 2212 quae

124 2242 339 2313 usurpantur,
364 2249 541 2313 quanquam
562 2226 666 2302 nulla,
691 2239 745 2290 aut
766 2240 853 2292 certe
874 2229 960 2291 nulla
980 2231 1135 2312 prohabi-

124 2336 162 2400 lis
186 2333 307 2398 adferri
328 2332 430 2415 possit
452 2330 534 2394 ratio
557 2351 615 2392 cur
636 2329 668 2394 id
689 2330 814 2394 efficere
835 2334 1023 2410 creduntur,
1059 2334 1134 2396 item

126 2440 158 2503 iu
189 2435 321 2522 magicis
349 2433 560 2510 carminibus,
606 2445 637 2496 et
665 2433 692 2496 si
721 2455 802 2517 quae
834 2447 906 2497 sunt
934 2436 982 2498 his
1011 2435 1135 2500 similia.

128 2542 250 2606 Omnes
272 2538 354 2602 enim
374 2539 513 2600 fatentnr
533 2535 641 2598 talium
662 2537 795 2600 latentes
817 2558 889 2600 esse
903 2559 1030 2615 causas,
1054 2543 1137 2604 unde
1212 2603 1224 2610 N

128 2657 159 2708 ct
180 2644 257 2708 talia
289 2639 491 2705 incensabilia
521 2638 582 2702 dici
609 2639 726 2716 solent.
793 2642 897 2719 Nemo
927 2653 1029 2704 tamen
1057 2643 1138 2704 haec

125 2749 215 2814 forte
236 2746 368 2810 fortuna
388 2742 457 2805 fieri
479 2742 571 2819 dicit,
607 2763 678 2804 cnm
703 2754 821 2806 certam
844 2744 978 2828 aliquam
1000 2747 1137 2810 habeant

127 2871 285 2914 causam:
330 2850 412 2913 unde
441 2857 571 2927 apparet
600 2845 747 2908 fortunae
782 2867 862 2930 quae
894 2849 1135 2926 adscribuntur.

128 2955 158 3018 ei
181 2951 319 3018 adscribi
339 2971 404 3014 nou
433 2951 520 3031 quod
550 2969 643 3010 causa
670 2949 786 3026 lateat,
822 2953 878 3013 sed
907 2955 993 3034 quod
1022 2955 1138 3016 nullam

127 3059 247 3121 habent
277 3075 401 3116 eausam
435 3049 568 3134 proprie
602 3050 717 3114 dictam
755 3063 786 3113 et
824 3053 1040 3136 principaliter
1075 3058 1168 3136 hoc⁴
1241 3117 1243 3120 .

128 3170 289 3246 agentem.

601 3363 666 3425 IX.

145 3505 148 3511 ·
198 3473 244 3536 Et
264 3467 338 3532 talia
359 3466 486 3549 quidem
508 3476 597 3540 saint,
631 3487 710 3548 quae
733 3468 771 3528 de
792 3465 921 3529 fortuna
948 3466 993 3530 illi
1022 3467 1138 3545 dicunt,

135 3589 166 3638 et
194 3575 240 3638 ita
270 3593 340 3634 clun
368 3569 405 3632 iis
435 3589 520 3651 quae·
543 3567 604 3649 ipsi
633 3570 756 3650 ponunt
778 3569 1009 3634 convenientia.
1054 3572 1143 3636 'l'olli

137 3699 218 3742 vero
241 3674 341 3739 abiis
364 3671 418 3754 qui
440 3683 552 3734 ctmcta
572 3671 750 3756 pecessario
773 3673 877 3736 dicunt
905 3674 974 3736 fieri
995 3675 1027 3738 id
1049 3695 1143 3740 omne
1212 3686 1215 3694 '

138 3783 228 3866 quod
256 3798 372 3859 anceps
402 3786 536 3838 vocatur
568 3785 599 3836 et
626 3773 659 3837 in
693 3776 862 3838 utramvis·
877 3790 999 3859 partem
1032 3781 1143 3842 cadere
1219 3862 1227 3871 „

138 3905 234 3967 posse
256 3881 387 3956 dicitur,
411 3877 503 3942 facile
526 3877 705 3960 apparebit,
731 3877 782 3941 vel
804 3897 844 3941 ex
866 3901 927 3957 eo,
959 3883 1044 3964 quod
1065 3903 1144 3964 pro·

139 3987 209 4071 prie
232 3983 380 4069 ancipitia
402 3981 566 4060 dicuntur,
598 3981 629 4044 iu
659 3981 772 4064 quihus
802 3983 907 4046 locum
934 3987 1028 4047 habet
1049 4005 1143 4068 posse
