2728 4758
230 431 233 440 '
271 419 331 482 226

271 610 365 680 τερον
389 582 411 669 ἢ
436 578 573 678 ίίστερον
601 581 714 664 ἀντοῖς
735 583 918 674 ἐγνωσμένα
942 580 1039 676 χείρω
1067 583 1130 652 τῶν
1156 585 1263 680 ἑτέρον

272 693 375 760 ε’ἴναι
398 681 475 769 όίςτε
495 692 567 756 τοίν
587 682 729 756 δνοίν”
707 711 748 755 αν
771 681 935 756 τοιούτοιν
948 681 1180 808 ἀσεβημάτων
1197 694 1265 757 θα·

181 798 184 804 ’
271 796 354 886 τέριμ
376 787 505 870 πόντιος
526 785 603 868 τοάς
631 785 690 872 την
716 791 912 916 ίιμαρμίνην
938 783 1157 882 ἀναιροῦντας
1181 817 1266 886 περι-

271 897 408 964 πίπτειν.
435 887 542 962 Ἀλλά
561 888 693 960 τούτοιν
713 915 749 960 τε
770 885 907 983 ἑκάτερα
927 893 1095 984 πολλαχοῦ
1116 887 1268 980 ἀδόνατα,

271 1003 327 1066 και
350 993 395 1064 τά
419 989 624 1086 μέλλοντα
610 986 743 1063 ἀπαντα
770 994 923 1086 ε’ίμαρταί
948 1019 984 1063 τε
987 989 1093 1077 ε’ξ’
1072 996 1191 1076 αιῶνος
1216 1002 1268 1066 καί

271 1103 427 1190 τέτακται
447 1091 491 1176 τίς
512 1092 653 1166 δυνατόν
672 1091 802 1180 ἀστοῖς,
829 1091 885 1192 ἀφ’
909 1098 956 1166 ίνλ
975 1097 1040 1166 τάν
1059 1091 1191 1192 πόντων
1209 1103 1269 1188 βα-

271 1207 359 1274 σιλεῑ
379 1202 439 1270 Διῒ
459 1193 645 1288 ταττόμενά
669 1224 705 1268 τε
732 1204 787 1268 καί
815 1194 1011 1292 ὁριζόμενα,
1043 1193 1082 1280 ἀς
1103 1203 1133 1270 ἕο
1153 1207 1209 1271 καὶ
1227 1200 1270 1294 μί]

271 1298 410 1399 ὥρισται
430 1298 533 1396 μόνος
554 1303 618 1371 τῶν
637 1297 795 1385 πόντων,
807 1299 908 1371 οὐκέτ
925 1299 1020 1382 ὄντος
1040 1328 1102 1372 τον
1124 1308 1271 1375 καὶτοῦ

226 1481 228 1489 ,
269 1432 329 1477 τον
350 1404 391 1477 ἀν
413 1401 599 1500 ὁριοῦντας·
621 1399 760 1488 (ἀπὸ
721 1430 786 1497 γαρ
808 1405 872 1476 τῶν
893 1407 1016 1476 ἔαυτόν
1030 1401 1146 1476 ἀιτίων
1160 1404 1269 1480 ἀποίντ

270 1509 312 1581 ἀν
332 1506 510 1604 ὁρίζεσθαι
533 1505 577 1576 τά
604 1502 778 1601 όριζόμενα
805 1510 850 1592 ¹)
883 1499 972 1597 ὅμως
998 1510 1155 1634 κρείττων
1181 1509 1224 1582 ἀίν
1252 1509 1273 1598 ἢ

271 1607 348 1694 ἀςτε
370 1608 537 1705 ὡρίσθαι,
571 1613 658 1700 μένει
687 1635 721 1681 τε
743 1607 793 1680 ἀεί
814 1615 871 1679 και
891 1607 979 1680 κατά
997 1609 1041 1680 τά
1062 1607 1152 1682 ἀοτά
1173 1610 1272 1697 5955-

209 1769 211 1778 s
269 1744 350 1801 τοις,
377 1721 433 1785 καί
453 1712 513 1800 τὴν
532 1716 822 1806 μεγίστηνπασῶν
841 1707 988 1802 ἀνάγκην
1008 1720 1065 1784 καί
1086 1720 1271 1810 κρατίστην,

269 1817 372 1903 ἀστὴν
393 1815 432 1887 δι’
456 1814 560 1901 ἀυτὴν
581 1813 686 1887 ὀῦσαν
705 1813 871 1905 ἀνάγκην,
906 1813 946 1886 οά
977 1813 1017 1886 δι’
1040 1823 1155 1911 ἕτερον
1176 1818 1273 1905 ἀστός

269 1926 358 1992 ἐστιν
380 1918 399 1989 5
420 1924 628 2010 κεκτημένος,
651 1916 694 2000 ἀς
715 1915 775 2002 τήν
795 1946 830 1989 τε
852 1915 998 2008 ἀνάγκην
1018 1923 1078 2004 τῆς
1101 1920 1162 1993 οὐκ
1176 1921 1272 2016 ἀνάγ·

268 2052 327 2110 κης
347 2021 466 2116 ἀμείνω
488 2019 609 2105 όῦσαν,
645 2027 702 2091 καὶ
722 2018 813 2116 ἀντῷ
837 2019 897 2107 τὴν
921 2024 1078 2143 μεγίστην
1108 2024 1272 2118 ἀναγκῶν,

268 2127 376 2224 ἀκρως
397 2123 565 2221 ἀγαθῷ”
545 2150 617 2194 οντι
636 2120 765 2216 μᾶλλόν
786 2151 819 2196 τι
832 2122 1081 2251 προςήκονσαν.
1113 2134 1187 2202 Καὶ
1208 2137 1273 2213 τοῖς

267 2237 328 2346 γέ,
324 2257 403 2301 ποτε
430 2229 592 2323 προςεγῶς
622 2229 795 2318 προιοῦσιν
821 2224 875 2298 ἀπ
906 2226 1010 2300 ἀντοῢ
1038 2227 1146 2304 τάντὸ
1178 2238 1273 2306 τοῦτο

267 2311 433 2462 δευτέρας
449 2328 527 2422 μεθ’
557 2327 676 2399 ἑαυτὸν
702 2335 897 2425 παρέχεται
933 2329 1038 2404 οίκεῖα
1064 2331 1184 2428 Ω)μέν
1209 2337 1271 2464 γὰρ

266 2436 307 2508 ἀν
327 2436 433 2529 ἑαντῶ
461 2429 504 2502 τά
529 2429 582 2502 ἀπ
612 2429 717 2502 ἀστοῦ
737 2429 900 2524 παράγοι
935 2441 991 2506 καί
1012 2435 1125 2508 ταάτά
1146 2468 1182 2512 τε
1203 2435 1271 2531 ἀμα

266 2546 323 2612 καί
343 2565 364 2608 τ
393 2536 479 2607 ἀλλα
501 2531 584 2605 δί’
564 2533 666 2606 αυτόν
693 2532 804 2606 πάντα
831 2535 944 2628 ὁρίζει
980 2547 1036 2610 καί
1065 2539 1167 2616 οὐδὲν
1196 2539 1271 2616 οὔθ

267 2640 353 2714 όότιο
374 2642 588 2762 παμμέγεθες
598 2690 608 2723 ,
630 2635 695 2708 οὔτ
720 2636 763 2710 55
783 2636 869 2712 πάνα
891 2640 1030 2737 σμικρόν
1051 2641 1179 2732 όότως,
1207 2641 1272 2730 ίόςτ

269 2743 311 2816 ἀν
331 2740 435 2814 ἀντόν
454 2769 500 2832 μη
487 2737 639 2826 Wa)
602 2737 674 2812 οιόν
687 2768 722 2813 τε
735 2745 895 2828 ἕίναι,”
848 2770 894 2814 τοι
875 2743 967 2870 ἀφ
982 2749 1108 2820 εαντοῢ
1122 2744 1194 2848 όρῳ
1208 2754 1277 2848 555-

268 2853 410 2919 κέσθαι
446 2841 578 2928 οὐδενὸς
606 2847 634 2930 ³)
661 2843 743 2939 γὰρ,
778 2839 858 2918 όταν
887 2846 947 2919 οὐκ
974 2845 1079 2924 ἀντόν
1108 2857 1143 2923 ἔ
1124 2881 1198 2926 ναι
1222 2852 1277 2928 τόν

268 2945 474 3020 ἀιτιιότατον.
506 2943 629 3018 ἨΕτιδ
652 2948 742 3019 5¹
701 2978 747 3041 μη
772 2943 893 3045 ὥριστο
924 2949 968 3022 τά
992 2958 1180 3078 μέλλοντα,
1211 2951 1277 3030 055

267 3051 309 3124 ἀν
329 3045 604 3146 προεγινιόσκετο,
642 3049 681 3121 05
708 3049 812 3143 μόνον
838 3081 874 3143 γε
903 3053 964 3147 οὐχ
991 3051 1042 3126 ὑπ
1065 3057 1276 3155 ἀνθρώπων,

269 3153 338 3234 ἀλλ’
363 3150 474 3224 055‘
457 3152 522 3224 υπὸ
543 3157 607 3225 τάν
628 3153 771 3226 θεῶν’
748 3183 789 3227 αν
817 3154 964 3240 οὐδενός
999 3157 1038 3232 05
1059 3162 1131 3259 γάρ
1154 3163 1228 3238 όῑόν
1247 3193 1279 3238 τι

269 3253 354 3340 όλιος
374 3261 494 3380 γνρίσιν
513 3254 656 3353 ὑπάρξαι
687 3261 747 3330 τοῦ
774 3255 880 3345 πόντη
907 3259 1085 3388 ἀορίστου·
1123 3267 1186 3339 05
1218 3267 1278 3364 γὰρ

269 3357 386 3433 055‘
369 3357 527 3455 οπότερον
556 3359 707 3446 ἀληθὲς,
753 3362 858 3485 εἒίη
835 3391 877 3435 αν
908 3361 1022 3459 ὁρίσαι
1047 3379 1128 3466 περὶ
1161 3372 1281 3456 ἀστοῦ,

269 3460 347 3536 οάθ
372 3460 415 3544 ὡς
436 3463 566 3547 ἔσοιτο,
587 3462 653 3534 οάτ
677 3462 719 3536 ἀν
740 3463 783 3547 ὡς
804 3465 864 3538 οάκ
886 3470 1004 3543 ἔσοιτο.
1052 3479 1179 3548 Τοίνυν
1201 3472 1281 3550 5‘
1251 3502 1281 3546 οι

269 3569 389 3638 θεοί”
371 3591 465 3637 ισασι
486 3563 592 3651 δήπου
613 3565 657 3636 τά
677 3564 832 3660 ἐσόμενα,
868 3569 959 3668 όίπερ
987 3583 1042 3645 καὶ
1073 3575 1228 3672 ὁρίζουσί
1249 3607 1281 3651 τι

267 3667 372 3754 ἀντά,
406 3677 462 3740 καὶ
490 3673 524 3740 ἀν
552 3671 667 3766 σφίσιν
688 3668 802 3754 ἀντοῖς
823 3675 953 3766 ἔχουσι,
988 3675 1150 3772 παρόντα
1172 3682 1224 3756 ἀεὶ
1244 3686 1281 3782 τῇ

269 3770 434 3866 ἀιτία,κ
415 3770 477 3866 κίίν
504 3769 600 3860 μήπω
636 3768 731 3872 τὴνγρἱ
762 3772 869 3869 ἀντῶν
895 3783 1019 3870 γένεσιν
1045 3759 1280 3882 ἀπειληφότα·

268 3905 291 3960 η
321 3878 413 3947 ίσασί
440 3901 490 3955 τε
504 3873 563 3944 οὐκ
570 3875 760 3965 ΙΙἀίλλινς,’
747 3906 849 3976 ητιμ
819 3883 1049 3954 διατιθέναι
1076 3915 1115 3958 τε
1145 3899 1204 3967 και
1232 3887 1281 3963 ἇί.

269 4005 337 4049 τιοι
359 3982 442 4050 ε’ίναι
464 3976 585 4052 ἀντῶν·
619 3977 658 4050 05
679 3979 744 4075 γάρ
766 3978 807 4056 ἀν
827 3986 873 4080 τῷ
894 3969 1128 4064 ἀνατίθεσθαί
1149 4021 1197 4080 πη
1218 3991 1280 4064 ἀπό
