2774 4756
284 337 346 404 298

305 508 340 590 2)
369 504 419 588 ὥς
440 503 559 596 ἡμεῖς
580 533 620 576 τε
641 502 860 594 ἀξιοῦμεν)
886 507 1280 591 raquodaberatinAld.

370 614 401 674 1.
425 614 540 676 addunt
562 611 639 676 Ald.
663 612 696 678 9.
725 609 834 675 Casel.
857 622 890 676 et
910 611 1019 676 Lond.

304 714 339 796 3)
367 711 448 784 ἀλλ’
483 719 595 783 ἐῖναι
626 713 771 810 ἐπίσηςι
801 708 1002 803 ἑκάτερον
1030 709 1052 796 ἢ
1079 711 1232 784 πιστὸν
1262 714 1282 799 ἢ

367 816 524 901 ἄδηλον
545 813 666 899 ἆντὸ]
691 817 811 902 Tangit
831 816 879 880 his
899 815 1007 880 verbis
1021 816 1203 900 Alexander
1224 823 1281 886 do-

367 944 441 1008 gma
464 921 682 1004 Scepticorum
704 923 839 997 Fatum,
876 932 982 983 utrum
997 919 1050 986 ¹sit
1078 943 1116 985 an
1137 943 1201 988 non
1223 925 1278 1003 sit,

367 1024 399 1088 in
422 1025 570 1111 ambiguo
592 1025 846 1109 relinquentium.
880 1023 953 1104 (0.)
1049 1105 1058 1122 x

303 1129 336 1209 1)
364 1125 525 1197 πάντων
552 1129 800 1218 γινομένων]
837 1129 946 1192 Havn.
975 1124 1130 1214 inmarg.
1153 1125 1292 1212 πάντας.

366 1235 551 1319 γινομένων.

303 1338 337 1416 5)
366 1331 414 1401 τὰ
433 1333 484 1422 με)
507 1331 637 1414 deror
668 1334 795 1424 ἔχειν]
839 1337 888 1401 Ita
910 1339 1017 1403 Lond.
1041 1339 1133 1402 hene.
1170 1337 1277 1402 Havn.

365 1439 501 1503 Aldinae
530 1452 562 1502 et
591 1439 697 1506 Casel.
731 1435 753 1520 ἢ
772 1437 818 1526 μὴ
841 1435 945 1519 οὕτως
967 1441 1059 1528 ὗμιν,
1103 1441 1166 1504 Sed
1186 1437 1207 1522 ἢ
1230 1464 1279 1506 re·

365 1545 524 1624 spondens
553 1535 752 1624 praecedeuti
772 1538 912 1634 πότερον
931 1545 1080 1607 habemus
1102 1545 1210 1626 paullo
1233 1545 1278 1608 in·

363 1747 409 1811 sic
432 1750 513 1810 nude
535 1749 672 1830 positum
694 1749 807 1812 falsum
829 1761 888 1813 cst.
936 1751 1086 1814 .Omnino
1116 1752 1303 1814 delendum,

286 1919 289 1928 ,
364 1863 432 1914 erat
447 1847 468 1933 ἢ
480 1850 586 1916 Codd.
603 1863 633 1915 et
645 1853 729 1916 Edd.
741 1852 1004 1936 praecedentium.
1027 1854 1144 1936 (Oasp.
1161 1855 1278 1931 Orell.)

300 1955 358 2036 ba)
379 1955 604 2040 γίνεσθαι]
646 1955 724 2019 Ald.
749 1958 780 2019 1.
802 1955 925 2042 γίνεται
948 1956 1075 2020 vitiose.

299 2059 333 2140 6)
367 2053 420 2126 Οὐ
453 2054 681 2150 γνώριμον]
728 2059 837 2124 Havn.
867 2058 1000 2123 Aldinae
1033 2070 1065 2122 et
1094 2053 1202 2122 Casel.
1231 2051 1281 2124 Ἤ

360 2156 533 2252 γνώριμον.
556 2161 629 2242 (Ο.)
662 2163 775 2226 Recte.
798 2160 883 2227 Vide
905 2163 945 2223 ad
966 2159 1049 2244 Cap.
1071 2161 1119 2225 V.
1142 2157 1229 2224 Nro.
1245 2159 1275 2222 8.

279 2333 282 2338 ,
364 2265 478 2344 (Cosp.
501 2265 621 2341 Orcll.)

228 2444 232 2461 Ι
298 2365 331 2446 7)
360 2366 472 2440 ε’ἴναι
493 2359 653 2454 κύριοι]
683 2363 760 2428 Ald.
778 2365 809 2430 1.
831 2363 915 2433 ἒῖναι
936 2357 1048 2456 κύριος
1069 2375 1236 2446 corrupte.

298 2456 433 2547 8)ίίςθ’
459 2459 476 2532 ὁ
499 2467 694 2546 κίνδυνος
716 2469 800 2550 eto]
845 2471 930 2533 Tota
950 2470 1029 2531 haec
1049 2466 1200 2551 periodus
1224 2467 1274 2530 de·

360 2582 408 2634 est
428 2569 460 2634 in
482 2571 558 2634 Ald.
577 2571 607 2633 1.
632 2582 663 2635 et
684 2584 758 2652 post
779 2573 863 2639 ε’ίναι
884 2566 993 2663 κύριοι
1014 2570 1156 2654 sequitur
1169 2562 1275 2636 πολλοί

349 2667 611 2764 παραλείπομεν.
654 2673 810 2755 Supplent
830 2674 972 2738 lacunam
994 2673 1102 2737 Havn.
1142 2673 1222 2737 Ald.
1244 2672 1274 2736 ἳ.

361 2777 457 2840 Mon.
482 2773 589 2840 Casel.
612 2787 644 2840 et
664 2777 775 2839 Lond.
802 2781 809 2796 ’“

297 2873 359 2959 th)
387 2876 658 2960 πείθεσθαι]
692 2879 898 2943 Scribendum
920 2877 1044 2942 videtur
1072 2887 1125 2941 aut
1153 2872 1213 2944 διὰ
1239 2871 1275 2942 τὸ

358 2981 547 3048 πείθεσθαι
569 2992 623 3044 aut
642 2976 849 3070 πειθόμενοι.
885 2980 958 3063 (0.)
994 2983 1107 3065 Neque
1128 2971 1211 3046 vero
1231 2970 1275 3043 sio

249 3127 253 3134 -
359 3084 504 3168 procedit
526 3084 733 3172 constructio
777 3086 873 3161 Nam!
888 3085 915 3147 si
941 3083 1064 3170 iungis,
1105 3077 1162 3148 ’Ee
1183 3085 1222 3149 δέ
1240 3092 1275 3168 7⁸

359 3187 635 3278 παραλείποιμεν,
658 3187 756 3252 deerit
767 3179 929 3270 apodosis.
975 3185 1009 3251 si
1023 3185 1275 3272 propositionem

358 3289 562 3376 principalem
584 3289 693 3354 statuis
714 3287 988 3380 παραλείποιμεν,
1017 3288 1116 3352 deerit
1133 3281 1274 3372 protasis

358 3392 505 3458 inchoata
524 3416 584 3477 per
604 3393 791 3477 particulam
816 3393 853 3460 ἐι.
890 3380 1005 3456 Subest
1026 3391 1124 3477 igitur
1146 3390 1276 3474 aliquod

358 3499 514 3560 mendum.
558 3496 723 3560 Excidisse
745 3495 861 3582 aliquid
881 3493 995 3558 indicat
1020 3495 1112 3559 etiam
1134 3496 1273 3580 pendens

357 3599 434 3662 illud
453 3606 513 3685 μὲν
532 3589 607 3681 post
628 3599 826 3666 πείθεσθαι.
861 3598 973 3679 (Casp.
994 3596 1113 3676 Orell.)
1230 3593 1233 3600 ’

294 3703 327 3782 9)
356 3708 423 3791 καί
455 3697 524 3769 διὰ
556 3699 601 3766 τὸ
635 3695 733 3778 τοὺς
764 3699 848 3780 etc.']
894 3700 1000 3766 Casel.
1036 3706 1092 3768 καί
1125 3697 1181 3768 δια
1216 3697 1273 3765 τοῦ

356 3801 442 3882 τοὺς.
474 3804 578 3878 Male,
603 3825 673 3866 cum
694 3803 901 3888 praecesserit
922 3809 977 3880 aco*
999 3800 1055 3872 διὰ
1076 3799 1115 3872 τὸ
1135 3796 1273 3891 βουλεύ-

358 3909 504 3973 σασθαι.
548 3907 621 3987 (Ο.)
