2758 4760
1047 441 1104 504 ddi

10 587 11 596 '
100 609 222 683 nean,
249 607 288 668 aa
309 603 386 668 nun
403 604 480 678 uon
500 603 633 686 ryntus
657 593 848 674 Latonius
869 607 941 674 un.
986 609 1025 672 In
1039 609 1106 674 hoa
1168 593 1171 598 '

44 745 46 752 ν
100 711 179 779 enim
206 709 290 793 agit,
329 708 361 769 in
383 709 446 771 hoc
474 707 600 776 laborat
627 709 749 787 omnia,
789 733 828 774 nc
855 711 930 796 quid
950 711 1038 794 impii
1066 735 1127 778 ao·

99 812 224 890 nefandi
256 814 367 876 domus
404 810 463 884 ista
504 811 647 895 effugiat.
715 813 804 894 Quae
837 815 963 878 audiens
992 815 1103 899 aliquis
1149 877 1151 882 s

91 935 203 980 nonne
237 914 337 1000 magis
361 913 449 996 piam
472 912 588 978 dixerit
614 913 746 995 Epicuri
772 919 955 982 sententiam
985 921 1023 982 de
1044 919 1129 981 im-·
1178 973 1188 986 Ι

98 1017 233 1102 proviso
256 1029 367 1080 cuncta
386 1009 474 1092 ficri,
505 1039 599 1100 quam
621 1018 715 1087 talem
734 1019 989 1099 providentiam?
1013 1022 1104 1103 Quo.

98 1124 194 1186 modo
221 1141 302 1184 vero
334 1122 412 1183 haec
439 1120 522 1182 inter
554 1141 587 1182 se
617 1123 830 1197 concordant,
865 1123 970 1186 Deum
999 1125 1127 1199 dicere,

10 1221 11 1224 ’
99 1246 165 1287 esse
196 1224 327 1300 Fatum,
366 1243 500 1306 eumque
535 1222 581 1284 uti
614 1223 651 1286 iis
685 1244 765 1306 quae
795 1237 868 1287 sunt
903 1226 1044 1310 firmtque
1072 1229 1105 1291 iu

10 1359 11 1362 ¹
99 1328 224 1404 Mundo
264 1329 304 1388 ad
331 1328 582 1390 conservandum
611 1338 677 1388 tum
699 1327 856 1394 Mundum
886 1327 1007 1410 ipsum,
1037 1342 1104 1394 tum

100 1452 209 1494 eorum
234 1451 313 1512 quae
339 1428 370 1494 in
395 1449 434 1492 eo
457 1441 547 1506 sunt,
580 1428 740 1505 ordinem,
772 1441 865 1514 atque
886 1430 1010 1498 interim
1032 1432 1130 1496 talia·
1179 1495 1187 1514 ,
1215 1436 1220 1456 ¹

100 1537 135 1608 de
154 1535 239 1596 Fato
262 1531 385 1608 dicere,
418 1531 532 1596 assumi
554 1553 666 1613 nempe
687 1533 728 1594 ab
752 1553 791 1596 eo
813 1536 852 1595 ad
875 1535 1012 1602 actiones
1038 1557 1105 1599 ma-

99 1636 180 1722 nime
197 1635 431 1710 abominandas,
457 1636 499 1698 ob
514 1634 628 1720 ingens
646 1657 724 1720 erga
745 1636 813 1699 illas
834 1637 967 1706 studium
978 1685 997 1714 ‚.
1012 1639 1104 1704 etiam

99 1738 250 1818 Pythiaun
277 1737 475 1806 adiutorem?
515 1738 569 1804 Ad
586 1760 721 1820 ¹quarum
744 1739 825 1801 enim
848 1762 953 1802 rerum
976 1762 1104 1808 couser-
1132 1776 1135 1782 ·

99 1841 257 1906 nationem
288 1841 390 1904 dicent
414 1843 527 1908 Fatum
553 1863 643 1908 usum
663 1841 773 1904 ¹fuisse
799 1841 1018 1923 patris.caede
1044 1867 1103 1925 per

99 1946 196 2011 filium
219 1943 320 2019 facta,
346 1944 471 2006 incestis
498 1943 613 2025 nuptiis
636 1943 693 2006 fiiii
719 1966 789 2008 cum
808 1957 930 2021 matre,
960 1957 991 2008 et
1009 1969 1105 2030 gene·
1136 1980 1139 1986 ν

99 2049 221 2112 ratione
243 2047 381 2114 filiorum
403 2046 502 2127 patris
530 2046 621 2108 simul
647 2068 684 2107 ac
704 2047 841 2117 fratris?
878 2048 962 2127 Quid
989 2051 1104 2114 horum
1133 2075 1137 2082 ·

10 2193 12 2214 ,
101 2163 146 2215 cst
164 2153 254 2234 quod
272 2153 311 2212 ad
334 2149 439 2211 mundi
465 2148 725 2233 gubernationum
748 2149 834 2212 credi
855 2161 964 2231 posset
986 2151 1103 2234 aliquid

10 2259 12 2314 f
99 2257 235 2318 salutare
257 2254 408 2332 ⁴adferre,
444 2264 478 2314 ut
501 2251 594 2318 ctiam
619 2251 740 2332 Apollo
763 2252 872 2315 timere
896 2255 1041 2330 deberet,
1066 2276 1104 2316 ne

10 2387 11 2392 ¹
100 2360 175 2442 quid
193 2379 306 2420 eorum
330 2353 470 2419 maneret
486 2355 660 2416 infectum?
696 2356 749 2422 An
768 2355 827 2418 ista
853 2357 885 2422 ni
906 2356 1115 2444 evenissent,.

100 2462 355 2544 impedimentum
383 2458 415 2520 id
443 2459 583 2542 futurum
612 2458 716 2520 fuerat
738 2459 899 2526 hominum
920 2458 1105 2539 habitationi
1137 2505 1139 2512 ·

29 2617 33 2624 .
99 2589 157 2648 per
192 2563 310 2645 oppida
327 2573 370 2638 et
405 2582 529 2645 pagos,
576 2573 628 2622 aut
664 2561 888 2641 perpetuandis
906 2617 909 2626 ,
925 2561 1102 2636 elementis,
1140 2605 1142 2610 ,

10 2707 13 2736 z
101 2673 183 2732 unde
217 2677 342 2730 constat
373 2665 425 2727 hic
453 2665 607 2738 mundus,
647 2675 699 2726 aut
732 2663 911 2726 caelestium
934 2679 1106 2746 corporum
1140 2695 1142 2700 ·

104 2773 267 2848 ordinatae
290 2791 327 2832 ac
347 2765 479 2852 perenni
500 2765 667 2841 notationi,
693 2778 746 2829 aut
760 2765 851 2829 alicui
865 2787 972 2828 earum
987 2787 1104 2842 rerum,
1140 2811 1142 2814 -

102 2899 158 2958 per
181 2896 260 2958 quas
283 2871 502 2945 constituitur,
528 2881 580 2930 aut
601 2868 723 2938 ratione
741 2869 935 2952 gubernatur
949 2868 1105 2932 mundus?
1130 2879 1134 2889 '

57 3049 61 3060 ,
104 2980 171 3042 Pro
196 2989 286 3040 certo
310 2974 402 3037 etiam
422 2974 616 3046 habendum,
651 2970 678 3032 si
700 2971 789 3034 aliam
807 2970 948 3061 *aliquam
968 2973 1106 3037 fabulam

105 3080 280 3157 audiverint
297 3100 314 3140 a
328 3073 564 3161 tragoediarum
579 3073 735 3153 scriptore
758 3072 883 3155 aliquo,
909 3073 1022 3156 quibus
1038 3084 1106 3138 mos

105 3197 151 3248 est
171 3183 246 3247 talia
267 3181 412 3265 fingere,
449 3191 525 3260 puta
554 3176 716 3248 mulierem
739 3196 819 3258 quae
842 3196 901 3256 per
924 3176 1106 3240 aemulatio÷

105 3309 175 3356 nem
205 3284 369 3348 insidietur
402 3280 508 3343 alienis
537 3279 667 3355 liberis,
708 3277 876 3354 interficiat
903 3300 983 3342 voro
1012 3301 1106 3354 suos,

106 3403 162 3455 aut
181 3388 329 3456 miserum
351 3405 455 3448 senem
472 3385 644 3462 Thyestem
666 3403 798 3444 suorum
820 3379 993 3446 liberorum
1015 3403 1109 3444 carne
1166 3448 1169 3468 f

106 3504 299 3566 vescentem„
321 3489 425 3552 Atreo
441 3485 670 3550 scilicetfratre
686 3485 765 3546 tales
788 3481 817 3546 'ei
839 3495 1009 3565 apparente
1032 3506 1109 3568 epu*
1142 3490 1150 3520 ⁷

106 3599 169 3674 las,
200 3594 378 3670 credituros
399 3591 472 3660 illos
493 3588 560 3654 istis
582 3587 696 3650 fabulis
717 3599 864 3670 tanquam
886 3591 986 3674 rebus·
1004 3588 1106 3665 veris,
1143 3630 1148 3639 ι

108 3713 137 3762 et
157 3721 220 3782 per
240 3697 294 3766 illa
315 3707 533 3758 exstructuroe
549 3691 662 3762 Fatum
684 3711 791 3766 suum,
816 3688 1105 3770 acprovidentiam‚
1150 3737 1154 3744 .

108 3817 256 3886 tanquam
277 3798 310 3862 id
331 3800 484 3862 habereut
505 3793 725 3877 propositum,
764 3814 844 3875 quae
868 3794 1031 3854 adstruunt
1052 3814 1109 3872 per

107 3927 143 3973 ca
165 3925 247 3994 (piac
260 3904 433 3976 ¹atlntruunt
454 3909 611 3964 evertere.
646 3895 748 3978 Atqui
770 3895 868 3968 multo
892 3907 958 3958 erat
980 3895 1108 3978 aequitas

109 4009 189 4084 istas,
204 4003 402 4074 narrationes
425 4002 554 4102 reficere
574 4011 711 4087 propter
740 4000 964 4080 abstinentiae
997 4018 1108 4066 conse,
