2804 4762
1049 405 1150 478 'us'

125 587 239 648 rendae
267 594 339 647 sunt
360 601 494 661 causac,
531 585 574 648 ita
602 585 798 649 othonibus
825 575 917 648 causa
943 584 982 647 sit
1004 585 1120 659 homo,

126 685 198 769 equi
216 707 349 769 equus‚·
368 687 455 749 cuius
481 684 528 749 rei
548 709 660 750 causae
680 701 753 751 sunt
774 687 910 769 primuni
927 686 967 762 ii,
992 687 1046 770 qui
1068 707 1125 749 cx-

121 800 229 871 pertes
243 774 346 852 '‘fuere
370 788 532 874 coniugii,
578 790 688 855 deinde
713 801 745 854 et
773 792 865 854 liberi
894 802 964 854 ante
993 801 1125 853 aetatem

123 889 264 954 mortui?
281 933 284 938 -
299 891 405 954 Multa
430 892 548 976 quippe
572 913 683 955 eorum
705 916 786 978 quae
808 895 902 970 fiunt,
940 893 1012 958 ideo
1039 894 1126 976 quod

123 1015 187 1057 non
222 996 261 1056 ad
287 990 400 1056 iustam
431 995 674 1080 magnitudinem
708 997 957 1073 excreverint‚¹
982 1007 1035 1058 aut
1063 1017 1128 1059 non

123 1108 301 1173 commota,
326 1107 380 1160 aut
393 1097 576 1181 priusquam
592 1111 870 1162 commoverentur
884 1100 1038 1165 exstincta
1052 1099 1125 1174 sint,

122 1221 160 1266 eo
175 1199 353 1282 pervenire
375 1220 439 1264 non
460 1212 650 1282 potuerunt,
674 1211 710 1263 ut
734 1201 782 1263 rei
803 1200 931 1267 alicuius
955 1223 1048 1264 causa
1069 1223 1129 1283 per

122 1304 317 1368 efficientiam
337 1303 420 1366 intra
441 1304 510 1387 ipsa
531 1303 732 1368 constitutam
752 1304 878 1368 fierent.
924 1302 1022 1370 Cuius
1035 1325 1128 1384 prac-

121 1419 210 1471 terea
236 1427 455 1470 causam·essc
484 1407 588 1470 dicent
615 1427 667 1470 eas
690 1417 772 1491 quae
792 1407 826 1470 in
847 1405 1033 1491 quibusdam
1055 1427 1129 1467 cor·

122 1510 213 1594 poris
231 1509 374 1592 partibus
398 1523 587 1574 enascuntur
607 1510 856 1592 superfluitates,
886 1509 974 1572 cuius
990 1518 1131 1573 monstra

122 1625 154 1676 ct
171 1633 260 1696 quae
280 1624 408 1694 praeter
429 1625 572 1682 naturam
592 1613 696 1677 fiunt?
729 1614 874 1693 Quorum
895 1612 1046 1676 nonnulla
1062 1633 1131 1676 om-

120 1715 196 1780 nino
232 1715 277 1792 ita
312 1716 512 1780 conformata
547 1729 636 1793 sunt,
682 1729 718 1779 ut
758 1719 872 1780 durare
900 1737 964 1779 non
995 1715 1132 1797 possint.
1182 1702 1183 1709 ἵ

123 1820 222 1901 Quod
243 1817 271 1883 si
291 1818 323 1882 in
343 1819 461 1900 plantis
484 1833 597 1884 cortex
617 1820 733 1902 pulpae
755 1841 865 1897 causa,
884 1819 988 1901 pulpa
1008 1819 1130 1881 fructus
1206 1829 1211 1840 “

121 1923 240 2005 ipsius,
267 1933 307 1984 'et
328 1921 480 2006 irrigatur
502 1925 609 2005 planta
630 1935 665 1986 ut
688 1925 807 1998 alatur,
837 1922 938 1984 alitur
960 1941 1059 1999 vero,
1085 1932 1134 1984 ,ut

121 2027 263 2089 fructum
292 2027 380 2099 edat3
415 2025 513 2087 multa
534 2025 566 2087 in
587 2026 648 2088 illis
671 2025 813 2107 reperire
836 2037 883 2087 est
905 2045 985 2107 quae
1007 2047 1071 2088 non
1093 2027 1133 2086 ad

88 2123 93 2134 ”
122 2150 193 2192 cum
216 2130 345 2193 modum
366 2128 455 2190 fiant.
500 2127 645 2208 Quorum
674 2125 756 2189 enim
778 2129 1034 2210 consequentium
1058 2145 1133 2188 cau-

106 2248 172 2295 'sas
194 2249 268 2295 'csse
290 2231 427 2295 dicemus
450 2250 505 2293 eos
528 2231 675 2306 fructus,
711 2229 766 2314 qui
795 2240 848 2292 aut
867 2241 1057 2311 putruerunt
1079 2241 1135 2291 aut

123 2345 339 2412 exaruerunt,
361 2345 431 2397 'aut
452 2333 529 2399 folia
551 2333 735 2418 gemmata?
778 2334 857 2396 lndc
879 2331 1075 2395 manifestum
1096 2331 1135 2394 fit
1176 2365 1178 2370 .

117 2437 272 2502 omnibus
286 2479 289 2486 ·
304 2459 416 2501 verum
445 2436 630 2518 conspicere
659 2436 839 2499 volentibus
869 2448 900 2498 et
936 2433 1131 2513 valentibus,

123 2542 207 2605 siout
227 2526 293 2605 uon
316 2539 419 2604 omnia
441 2551 513 2622 apta
535 2541 667 2602 suntad
689 2541 861 2625 agendum,
892 2539 937 2601 ita
958 2559 1025 2602 nec
1039 2559 1137 2601 omne

124 2645 214 2727 quod
246 2641 316 2706 fieri
338 2665 438 2706 causa
464 2655 597 2725 posset,
633 2663 759 2706 causam
788 2653 874 2705 certe
902 2652 966 2705 aut
983 2663 1051 2704 esse
1083 2653 1137 2703 aut

122 2745 221 2810 fuisse
244 2757 297 2808 aut
324 2746 465 2808 futurum
487 2767 574 2823 esse,
617 2767 675 2810 nco
707 2767 800 2809 omne
833 2749 921 2828 quod
953 2747 1071 2809 factum
1095 2744 1138 2808 sit

114 2849 231 2913 ,statim
260 2851 299 2911 ab
326 2845 453 2933 ¹origine
487 2869 543 2910 sua
576 2869 700 2912 causam
729 2869 797 2912 csse
829 2849 929 2912 futuri
962 2850 1133 2912 cuiusdam.

125 2954 219 3016 Haec
248 2963 352 3018 autem
383 2952 452 3032 ipsa
485 2973 671 3035 agnoscere
687 2951 769 3013 inter
799 2951 1035 3033 disputandum,
1082 2954 1138 3014 sed

127 3075 166 3118 eo
187 3055 368 3138 'confugere
392 3056 478 3136 quod
499 3044 653 3116 incertum
675 3053 733 3128 sit,
769 3053 856 3115 cuius
886 3053 939 3116 rei·
957 3056 1046 3120 istae
1076 3055 1138 3117 sint

126 3157 259 3232 cautae,
297 3159 405 3239 (quod
427 3169 458 3218 et
486 3157 570 3220 eirca
590 3155 822 3238 providentiam
844 3157 970 3239 qualem
990 3157 1052 3238 ipsi
1073 3169 1136 3220 sta·

125 3271 219 3324 tuunt
240 3260 346 3323 facere
375 3281 470 3340 saepe
499 3260 707 3345 coguntur)‚'
737 3258 768 3322 id
796 3281 877 3323 vero
907 3271 961 3321 est·
981 3260 1013 3322 in
1042 3262 1137 3322 robus

126 3362 396 3428 inextricabilibus
414 3362 539 3427 facilem
554 3363 659 3428 moliri
678 3361 809 3426 exitum.
841 3365 924 3425 Nam
943 3361 969 3423 si
983 3363 1026 3425 ita
1042 3383 1143 3446 agere*

126 3466 242 3541 liccam
270 3465 346 3528 nihil
366 3465 506 3530 obstabit
528 3467 695 3549 quominus
718 3469 756 3528 de
778 3465 815 3527 iis
842 3486 923 3548 quae
947 3476 1019 3528 sunt
1043 3467 1137 3547 plane

128 3571 261 3646 absona,
287 3567 408 3631 dicatur
430 3582 461 3632 et
483 3589 551 3632 esse
573 3591 631 3646 ea,
656 3569 831 3633 stratione
852 3570 996 3636 fundatas
1019 3570 1143 3634 habere-

127 3679 260 3748 causas,
285 3673 422 3742 sednos
443 3672 587 3737 latentes.
800 3719 802 3725 ι

565 3777 700 3840 XXIV.
738 3833 741 3839 .

191 3879 283 3942 Haec
303 3875 391 3964 vergo
420 3879 465 3942 sic
493 3901 563 3942 curn
593 3901 626 3943 sc
640 3919 645 3928 ιη
656 3882 813 3955 habeant,
857 3894 919 3944 aut·
936 3881 991 3952 {iot
1008 3879 1139 3963 aliquid

129 3981 194 4044 sinc
210 4003 321 4056 causa,
344 3994 377 4044 et
397 3983 461 4046 hoc
484 3994 531 4046 est
553 3986 640 4066 quod
660 4005 721 4047 nos
743 3983 952 4061 defendimus,
978 3997 1030 4046 aut
1049 3995 1135 4046 certe
