2758 4760
1055 363 1114 424 113

106 533 299 614 loquantur,
326 527 410 594 'unit
434 531 494 620 ipsi
520 531 706 604 conferant,
737 531 989 616 quandoquidem
1010 553 1112 614 neque

106 647 213 700 rerum
236 633 518 709 circumstantium,
543 655 645 716 neque
664 635 729 696 eius
753 621 846 698 animi
860 647 957 698 status
972 634 1003 698 in
1020 655 1113 718 quem

107 739 201 804 relius
216 736 263 798 sic
282 735 553 800 circumstantibus
575 757 702 818 semper
723 749 1003 814 transmoventur,
1034 759 1114 800 cau·

97 839 172 902 sam
202 840 235 902 in
267 861 302 901 se
329 840 457 902 habent.
514 840 611 919 Quod
642 839 668 901 si
690 852 879 921 potestatem
904 841 1054 902 habemus
1084 851 1116 902 et

107 943 217 1005 melius
240 953 272 1004 et
297 927 384 1024 peius
415 941 531 1025 aliquid
552 943 691 1018 dicendi,
724 943 792 1026 quis
819 965 883 1008 non
906 944 1036 1006 miretur
1061 965 1114 1006 su·

107 1066 297 1127 pervacuam
319 1067 411 1127 quam
431 1046 476 1108 illi
496 1045 631 1120 faciunt,
653 1067 844 1116 vsermonum
863 1057 1051 1109 structuram
1074 1067 1116 1108 ex
1151 1046 1155 1054 '

107 1147 260 1212 confessis
284 1160 316 1210 et
341 1148 535 1214 evidentibus
558 1149 622 1210 hoo
643 1147 863 1230 colligentem,
902 1149 1020 1211 nullum
1046 1170 1117 1214 esse

11 1329 15 1334 ‚
107 1251 338 1343 usumUIongae
365 1254 404 1315 ad
424 1261 608 1335 argumenta
629 1252 781 1314 nectenda
807 1261 949 1332 sumptae
974 1250 1116 1332 operae?¹

108 1355 189 1416 Nam
213 1375 284 1443 cum
305 1366 425 1436 ponant
443 1356 556 1417 Fatum
571 1353 617 1414 uti
639 1353 784 1416 omnibus
806 1353 843 1415 iis
867 1374 947 1434 quae
972 1375 1013 1416 ex
1032 1355 1116 1416 Fato

107 1455 189 1519 facta
223 1468 294 1518 sunt
320 1469 373 1520 aut
404 1457 483 1522 fiunt
515 1459 555 1519 ad
585 1455 798 1520 inevitabilem
834 1477 928 1540 quem
964 1468 1139 1538 operatur

25 1621 28 1639 ,
109 1559 274 1635 effectum,
298 1560 341 1622 ita
358 1572 392 1622 ut
414 1563 564 1643 quodque
587 1571 693 1622 natum
716 1571 764 1622 est
786 1571 816 1622 et
837 1571 873 1622 ut
893 1580 953 1641 per
974 1573 1116 1622 natumm

109 1682 140 1724 se
162 1662 277 1736 habet3
300 1663 402 1744 lapide
423 1676 459 1726 ut
479 1665 599 1744 lapide,
623 1664 786 1744 plantant
811 1663 940 1743 planta,
964 1662 1116 1728 animante

11 1827 13 1836 ἦ
109 1776 142 1826 ut
168 1765 343 1840 animante,
377 1768 463 1848 quod
489 1767 515 1828 si
535 1778 570 1828 ut
592 1767 763 1844 animante,
789 1777 875 1828 certe
893 1778 928 1828 ut
950 1778 1024 1831 nato
1047 1787 1116 1828 mo·

108 1865 227 1930 tionem
247 1870 366 1931 hahere
393 1891 433 1930 ex
455 1869 618 1951 appetitu:
656 1869 728 1952 quia
758 1868 877 1932 scilicet
904 1862 1027 1950 ponunt
1053 1869 1116 1933 Fa·

109 1980 175 2032 tum
200 1970 422 2034 uti'animante
443 1984 479 2033 ut
501 1971 672 2047 animante,
706 1972 739 2034 id
761 1984 861 2035 autem
884 1985 948 2048 est,
983 1982 1019 2034 ut
1041 1983 1117 2054 apto

108 2073 237 2136 moveri
260 2095 301 2136 cx
327 2074 486 2163 appetitu:
519 2096 556 2136 ac
572 2074 646 2146 fieri
668 2094 748 2156 quae
777 2095 794 2136 a
817 2057 906 2137 Fato'
921 2073 1020 2149 fiunt,
1059 2097 1118 2156 per

110 2172 276 2238 animantia
297 2179 466 2240 secundum
490 2176 688 2240 animantium
709 2177 881 2240 motionem
904 2197 945 2238 ex
963 2177 1116 2258 appetitu,

109 2290 140 2340 et
161 2299 199 2342 ca
220 2277 290 2360 ipsa
310 2279 489 2343 necessario
515 2279 684 2362 sequipes
715 2280 950 2343 circumstantes
980 2293 1014 2341 ut
1044 2301 1117 2342 cau·

110 2403 182 2456 sas,
209 2403 341 2464 quarum
364 2403 528 2447 causarum
550 2385 676 2442 ductum
699 2402 827 2443 servare
850 2381 1016 2444 animantia
1039 2379 1117 2463 ope·
1176 2379 1179 2384 ’

65 2509 68 2515 ’
109 2487 212 2549 raudo
235 2487 405 2548 secundum
428 2484 584 2566 appetitus
613 2483 796 2547 motionem.
842 2485 885 2544 Et
915 2484 987 2566 quia
1015 2483 1120 2547 omnia

112 2587 196 2659 Fato
227 2586 327 2664 fiunt,
368 2587 461 2650 ctiam
491 2575 531 2650 in,
557 2599 666 2650 nostra
699 2607 766 2650 esse
794 2597 951 2666 potestate
973 2585 1004 2648 id
1025 2607 1118 2668 prae·

110 2689 264 2771 scriptum
294 2711 437 2780 servare.
494 2692 584 2752 Haec
613 2711 684 2752 cum
712 2689 758 2752 sic
780 2689 885 2751 dieunt
907 2700 938 2750 et
959 2688 1019 2752 alia
1040 2709 1120 2772 quae

111 2793 343 2876 interrogando
371 2805 575 2875 proponunt,
614 2793 759 2856 ridentur
780 2792 855 2854 midai
875 2791 907 2854 id
928 2792 1033 2858 facere
1056 2814 1120 2855 non

115 2907 180 2959 tam
203 2898 291 2978 quod
319 2916 399 2958 vero
429 2896 603 2971 confidant,
643 2917 735 2976 quam
763 2902 799 2955 ut
827 2893 880 2956 diu
908 2896 1060 2958 trahendo
1088 2895 1120 2960 in

112 2999 246 3083 longum
277 3009 308 3060 et
334 2997 571 3078 multiplicando
601 3019 723 3072 voces,
763 3007 794 3059 et
820 2996 853 3057 in
876 2999 1046 3060 obscurum
1068 3018 1144 3062 eas*

114 3101 305 3184 implicando
330 3100 498 3181 imponant
527 3099 734 3163 auditoribus.
792 3099 916 3160 Verum
948 3122 1006 3164 nos
1039 3124 1124 3166 nimo
1166 3137 1171 3150 ·

115 3205 191 3287 ¹quid
213 3204 316 3268 dicant
339 3203 520 3279 videamus,
559 3215 590 3266 et
617 3213 853 3285 praetereuntes
884 3203 1001 3278 multa,
1041 3225 1136 3286 quae¹
1233 3227 1237 3242 ⁸

115 3306 160 3375 iili
181 3318 352 3389 usurpant,
384 3305 528 3381 nomina,
563 3319 597 3368 nt
620 3305 804 3370 destinatum
828 3316 859 3366 et
880 3316 999 3368 sortem
1021 3319 1052 3368 et
1074 3297 1147 3372 di?

116 3409 353 3485 stributionem,
393 3428 472 3490 quae
499 3408 544 3471 illi
571 3409 683 3491 quibus
708 3408 819 3470 volunt
841 3407 1120 3490 significationibus

117 3525 269 3589 utuntur,
309 3511 507 3595 exquiramus
536 3518 669 3576 caetera.
722 3511 848 3593 Operae
877 3510 1012 3591 pretium
1040 3513 1122 3577 enim

118 3629 167 3682 est
189 3637 387 3700 cognoscere
408 3615 623 3678 necessitatem
644 3614 725 3676 illius
749 3614 1012 3697 consequentiae3
1036 3617 1123 3684 Fieri

121 3720 230 3804 nequit
251 3731 287 3781 ut
301 3719 370 3782 -tale
392 3717 432 3780 sit
446 3719 559 3782 Fatum
582 3730 613 3779 et
634 3738 698 3780 non
720 3716 759 3780 sit
781 3717 845 3779 lex.
891 3718 971 3778 Nam
994 3717 1122 3801 siquae

120 3824 203 3890 Fato
216 3822 317 3898 fiunt,
341 3834 513 3904 sequuntur
535 3821 712 3884 necessario
736 3841 845 3884 causas
869 3819 1120 3899 circumstantes,

831 3923 850 3989 8
