2758 4760
251 395 310 459 166

239 564 454 716 Ιοὐρανόνκαῖ
463 554 623 654 γενέσθαι
638 563 698 646 ἔξω
710 564 774 645 τῆς
783 554 1027 650 διακοσμοόσης
1041 551 1156 627 τάόλα
1170 581 1253 650 προ.

673 671 739 734 θεν
768 667 933 754 νεμουσῶν
956 660 1033 752 ἡμῖν
1061 661 1103 735 τά
1132 659 1256 750 δγαδά

250 730 417 862 δονάμεεν
438 775 501 840 τῶν
522 772 650 870 θεῶν
635 766 771 848 εαυτοὺς
789 763 1097 858 ἀποστερήσαντες,
1134 760 1255 853 τυγχά·

247 899 361 944 νουσιν
382 873 567 973 ἀναγκαίως
588 876 651 941 τῶν
674 867 731 942 διά
751 873 910 992 τιμωρίας
935 877 993 949 καὶ,
1012 865 1182 948 κολάσεως
1199 893 1256 936 m·

248 981 434 1068 ριαγουσῶν
456 976 576 1056 ἀυτούς
599 980 644 1055 ἐις
665 973 704 1044 τό
726 974 810 1043 κατὰ
833 970 941 1108 (χῶσιν
957 967 996 1055 ⁶).

709 1101 712 1108 .
738 1103 787 1148 e..

257 1180 488 1252 Τούτων
473 1185 530 1252 οῦν
551 1179 639 1251 κατά
663 1209 696 1250 τε
719 1180 784 1262 τάς
800 1179 912 1261 κοινάς
930 1187 985 1248 καὶ
1008 1175 1258 1308 ἀδιαστρόφους

248 1287 311 1353 τῶν
332 1289 449 1380 ιγυχῶν
470 1288 596 1365 ἐννοίας
617 1291 646 1367 ¹)
668 1279 941 1411 ὁμολογουμένων
949 1281 1060 1352 όντων
1082 1289 1137 1350 καὶ
1150 1277 1189 1351 ἓν
1210 1285 1258 1376 τῷ

248 1385 385 1480 δεκάτῳ·
403 1392 468 1457 τῶν
502 1385 675 1478 Νόμων
660 1391 802 1480 εναργῶς
837 1385 1133 1474 ἀποδεδειγμένων,
1181 1381 1258 1453 ὀότε

247 1488 375 1577 ἀγνοεῖν
400 1487 541 1584 ἡμέτερα
568 1490 645 1570 τοὺς
672 1490 778 1570 θεοὺς
802 1487 963 1570 δυνατόν,
987 1485 1066 1556 ’δότ’
1096 1484 1257 1579 ἀόριστον

188 1602 191 1618 ‘
247 1589 354 1660 ἀυτῶν
370 1597 490 1680 γνῶσιν
511 1595 609 1682 ἔχειν,
641 1587 742 1685 ῶςτιερ
769 1589 956 1676 δικάζοντας
980 1587 1138 1682 περὶτῶν
1161 1593 1258 1678 ἐκβη·

246 1699 398 1780 σομὲνων.
440 1699 582 1788 Πρῶτον
595 1705 655 1787 μὲν
671 1697 736 1784 γάρ
755 1693 798 1776 ῶς
813 1691 959 1785 ’Τιμαῖος
973 1699 1005 1777 ²)
1021 1691 1108 1785 ἡμᾶς
1123 1694 1260 1776 ἐδίδαξε,

246 1803 302 1864 καὶ
324 1795 424 1877 ἀντ’ός
449 1794 468 1865 5
488 1797 720 1890 Ἀριστοτέλης
740 1802 913 1886 θεολογῶν
936 1796 1178 1885 ἀποφαίνεται,
1201 1801 1258 1864 καὶ

246 1898 310 1990 τιρό
328 1897 452 1970 τούτων
469 1899 699 1996 Παρμενίδης,
729 1901 789 1992 οὐχ
809 1900 827 1969 ό
849 1901 943 1995 τιαρδι
959 1897 1118 1969 Πλάτωνι
1133 1897 1256 1989 μόνον,
1321 1903 1325 1910 ’

193 2006 196 2015 '
246 2000 334 2071 ἀλλά
347 2011 403 2072 καὶ
414 2001 433 2072 5
445 2007 478 2075 ἐν
489 2013 558 2085 τοῖς
570 2002 701 2085 οἰκείοις
709 2007 818 2075 ε’ἰιεσιν
831 2009 879 2088 ³),
900 2002 994 2073 οὐδέν
1005 2001 1176 2095 ἐστιααρά
1187 2011 1259 2082 τοῖς

246 2111 345 2188 θεοῖς
366 2104 441 2176 όότε
458 2107 711 2200 παρεληλυθὸς,
734 2105 809 2177 όότε
826 2112 946 2197 μέλλον
954 2160 964 2190 ,
985 2102 1071 2175 ἀλλά
1087 2103 1212 2175 τούτων
1228 2100 1258 2189 ⁴)

244 2219 304 2300 μὲν
321 2208 473 2304 ἑκάτερον
493 2209 552 2279 οὐκ
575 2209 629 2294 ὃν,
652 2209 690 2278 τό
714 2220 776 2300 μὲν
801 2208 929 2294 οὐκέτι,
951 2208 989 2278 τὸ
1011 2213 1047 2277 δὲ
1072 2206 1180 2292 όύπω,
1202 2216 1259 2278 καὶ

246 2311 284 2382 τό
311 2323 372 2403 μὲν
401 2311 666 2403 μεταβεβληκὸς,
713 2312 752 2381 τό
787 2317 823 2382 δὲ
854 2311 1001 2409 πεφυκός
1028 2309 1259 2402 μεταβάλλειν.

250 2413 342 2484 Τόδε.
361 2419 503 2484 τοιαῦτα
530 2421 600 2495 τοῖς
634 2414 735 2496 ὅντως
763 2413 855 2498 όῦσι,
891 2423 947 2484 καὶ
971 2414 1159 2504 μεταβολὴν
1181 2412 1259 2484 οὐδὲ

244 2517 317 2587 κατ’
349 2522 494 2588 ε”ιτίνοιαν
519 2520 757 2608 ἐπιδεχομένοις
785 2516 1052 2612 προσαρμόττειν
1077 2516 1259 2608 ἀμήχανον.

246 2628 487 2715 Προηγεῑσθαι
514 2619 579 2713 γάρ
607 2619 734 2709 ἀνάγκη
766 2620 804 2690 τό
832 2625 996 2702 παντελῶς
1027 2618 1259 2712 ἀμετάβλητον

245 2729 305 2794 τοῦ
322 2723 470 2804 ότιωςοῶν
485 2721 771 2812 μεταβάλλοντος,
793 2721 848 2793 ἵνα
865 2729 922 2794 καὶ
938 2729 1018 2818 μένῃ
1034 2721 1259 2814 μεταβάλλον,

245 2821 288 2907 ῶς
305 2854 339 2895 τε
362 2831 414 2896 ἐπὶ
431 2829 538 2909 θεῶν,
561 2823 664 2920 ἀρχῆς
685 2824 824 2916 ἐχόντων
840 2824 924 2920 πρὸς
941 2824 983 2895 τὰ
1003 2826 1085 2896 ὄντα
1100 2823 1201 2915 λόγον
1216 2832 1259 2910 ⁵),

209 2943 212 2956 ’
244 2929 283 2998 τό
307 2928 545 3023 παρεληλυθός
570 2927 592 3012 5
620 2927 659 2998 τό
683 2933 803 3020 μέλλον
830 2933 1045 3058 θεωρεῖσθαι
1073 2928 1259 3014 ἀδύνατον,

244 3030 331 3102 ἀλλά
359 3032 468 3102 πάντα
500 3060 568 3126 παρ
603 3031 718 3114 ἀυτοις
746 3035 848 3102 ἐντῶ
877 3036 936 3102 νῦν
956 3037 1026 3102 ἐστι
1055 3036 1101 3100 τῶ
1130 3030 1253 3128 ἀιωνιῳ

245 3141 417 3229 ἱδρυμένα,
440 3139 504 3204 τῶν
514 3139 675 3228 χρονικῶν
688 3142 824 3266 μέτρων
836 3129 908 3224 ἅμα
930 3139 969 3233 τῆ
991 3134 1173 3206 ὑποστάσει
1197 3141 1259 3206 τοῦ

242 3237 366 3319 παντὸς
392 3237 682 3338 ἀναφαινοιιένων,
705 3267 761 3307 και
781 3236 869 3363 μόνα
885 3265 1091 3366 μετρρυντων
1109 3237 1152 3311 τὰ
1167 3240 1259 3308 κατὰ
1332 3241 1337 3253 “

239 3340 361 3462 χρόνον
377 3341 536 3432 ἑχονταίγ
562 3342 622 3426 τὴν
642 3340 827 3412 ὑπόστασιν
848 3341 869 3427 5
890 3341 951 3427 την
972 3345 1149 3462 ἐνέργειαν
1171 3338 1253 3423 ῶςτε

243 3453 299 3514 καὶ
327 3445 386 3529 την
411 3445 635 3534 εἰκαστικὴνγ
636 3449 742 3515 νῶσιν
763 3443 875 3540 πόρ’ῥω
901 3471 965 3516 ττου
987 3449 1052 3515 τῶν
1068 3450 1177 3530 θεῶν,
1201 3473 1259 3516 και

198 3571 200 3580 “
242 3553 275 3618 ἐν
301 3550 339 3646 τῆ
365 3546 613 3640 ἀποπερατῶσει
634 3553 691 3632 τῆς
717 3553 849 3638 λογικῆς
870 3551 953 3634 ζωῆς
975 3551 1004 3632 ⁷)
1036 3546 1257 3644 ἀττερῥίφθαι

241 3648 432 3740 ἀναγκαῖον.
467 3651 605 3720 Ἔπειτα
626 3656 694 3732 ττῶς
710 3650 751 3722 ἀν
773 3650 925 3741 δόξαιμεν
944 3679 1031 3722 κατα
1017 3651 1185 3746 βραχάγ
1185 3658 1257 3724 οῦν

242 3751 459 3849 σωφροσύνης
480 3759 637 3845 μετέχειν,
655 3759 700 3852 τῇ
708 3781 823 3843 γνωσει
840 3759 905 3824 τῶν
919 3759 1013 3825 θεῶν
1033 3760 1136 3844 μηδὲν
1157 3761 1259 3829 πλέον

241 3855 408 3940 ἀξιοῦντες
442 3860 501 3940 τῆς
531 3855 712 3988 ἡμετέρας
722 3835 919 3948 ἀπονέμειν,
955 3857 1042 3928 ἀλλά
1074 3861 1257 3947 τολμῶντες

241 3958 480 4057 ἀμφιβολον’
461 3959 564 4044 αυτὴν
593 3969 647 4030 καὶ
672 3960 830 4055 ἀόριστον
859 3959 1052 4052 όμολογειν,
1102 3963 1169 4052 Τῆς
1190 3961 1257 4054 γὰρ
