2728 4758
282 1099 742 1194 εειοεενον
795 1096 1260 1216 εωιιιεσον

288 1277 292 1284 ’
394 1233 438 1372 ⁴·
551 1273 995 1367 ΠΛΗοοΝοι.

455 1489 1075 1586 ῑΣνεεΡΑωΜΑσνον

580 1659 686 1756 ΙΠερὶ
707 1671 960 1756 ἐιμαρμένης.

1261 1941 1266 1970 λ

332 2029 469 2126 Πότερα
501 2027 585 2100 δὲ’
568 2023 706 2126 ωρισταί
739 2056 772 2098 τε
794 2037 859 2098 καὶ
886 2027 1059 2124 ἐίμαρται
1055 2021 1209 2100 ἀπάντα
1238 2025 1276 2095 τά

267 2134 495 2228 μέλλοντα,”
473 2165 494 2219 η
516 2159 604 2204 εστιν
626 2128 650 2202 ά
674 2160 713 2202 ου
739 2130 951 2225 διώρισται’
932 2135 1059 2216 αυτῶν,
1090 2130 1162 2254 ἀλλ’
1177 2129 1277 2252 1ἀορί-

269 2266 354 2320 στως
379 2267 414 2308 τε
440 2238 480 2322 δὴ
504 2245 561 2305 καὶ
591 2233 741 2316 ἀτάκτως
766 2242 909 2358 χωρεῖ,
921 2243 977 2304 και
999 2232 1103 2316 ὁάτως
1127 2221 1216 2314 ὅπως
1241 2231 1279 2300 άν

269 2341 385 2453 τύχοις
414 2332 582 2425 δηλαδὴς
563 2365 616 2408 οτι
641 2332 779 2434 ὥρισται
801 2333 944 2409 ἀπάντα.
988 2335 1038 2407 Ει
1072 2337 1143 2432 γάρ
1175 2335 1279 2406 ὁτιοῦν

270 2445 330 2535 οὐχ
355 2442 539 2540 ὡρισμένως
563 2445 694 2531 γίνοιτο
712 2445 776 2512 τάν
798 2445 997 2567 γινομένων,
1025 2440 1103 2526 ἤτοι
1129 2440 1209 2511 ἀνευ
1233 2437 1281 2506 ἀι-

270 2551 342 2617 τέοο
364 2546 497 2636 γεγονὸς
522 2547 631 2670 ἔσται,
663 2553 719 2614 καὶ
740 2553 772 2614 τὶ
793 2547 886 2618 ἔσται
914 2549 977 2616 τῶν
996 2550 1196 2635 γινομένων,
1228 2539 1281 2664 τέμ

270 2657 394 2742 γένε’σιν
417 2649 494 2720 ἀνευ
520 2646 628 2718 ἀιτίου
655 2645 824 2738 ἐσχηκός
841 2647 861 2731 ἢ
887 2646 947 2739 οὐχ
972 2645 1162 2755 ὡρισμένως
1188 2645 1282 2726 ἀοτό,

271 2752 349 2823 οὐδὲ
367 2751 427 2824 σὺν
446 2749 571 2848 ἀνάγκῃ
593 2751 632 2820 τὸ
655 2749 762 2821 ἀίτιον
782 2749 1023 2844 ἀπεργάσεται,
1055 2758 1112 2820 καὶ
1136 2759 1169 2820 τέ
1197 2752 1286 2820 ἔσται

270 2881 335 2926 των
343 2851 488 2978 μιτίων,
516 2853 576 2924 οὐκ
598 2851 744 2952 ἀνάγκη,
767 2851 884 2928 οὐδ
862 2861 1047 2947 ωρισμένως
1071 2851 1237 2980 ὃεὸρμκός
1256 2879 1286 2920 τι

273 2950 318 3028 ὧν
338 2956 380 3028 ἀν
402 2955 506 3052 δρῴη·
529 2956 581 3027 ὁῐν
602 2955 757 3050 οὐδέτερα
779 2955 915 3028 δυνατά.
958 2954 1158 3027 Hom*
1122 2985 1190 3028 ετι
1206 2950 1288 3048 μάλ-

272 3067 332 3132 λον
354 3058 538 3144 ἀδύνατον,
560 3064 588 3130 ἐι
575 3059 688 3153 τιούς
705 3059 812 3142 θεούς
831 3088 881 3142 τις
898 3066 982 3150 λέγει
1001 3059 1287 3158 μεταβάλλεσθαι

272 3162 413 3258 περὶτὰ
439 3167 554 3259 σφίσιν
583 3161 663 3260 ὑπὲρ
693 3167 757 3234 τῶν
784 3161 969 3254 μελλόντων
991 3168 1202 3254 ἐγνωσμένα,
1237 3167 1305 3232 καὶ.

273 3266 350 3360 ἕτερ’
375 3265 478 3350 ἀττα,
505 3264 581 3361 παρ’
604 3263 628 3336 ἀ
648 3271 828 3358 ἐμέλλησαν
848 3264 1033 3350 ἀποτελεῖν,
1063 3271 1128 3337 ἐίτε
1154 3265 1210 3338 ὑπ’
1237 3263 1290 3334 ἀν-

275 3366 424 3458 θρώπων
448 3374 571 3454 λιταῖς,
594 3368 616 3454 ἦ
638 3395 706 3439 τισι
732 3367 851 3464 δώροις
871 3375 1207 3464 παραπειθομένοος,
1233 3372 1291 3438 sits

275 3470 315 3556 δὴ
343 3479 398 3541 καὶ
421 3471 530 3553 άλλως
550 3477 589 3561 γέ
608 3499 687 3553 πως·
702 3471 785 3542 ἀοτό
807 3471 1005 3562 πάσχοντας.
1046 3470 1292 3543 Κινδυνεάοοσι

274 3573 339 3668 γάρ
365 3580 397 3643 οἱ
421 3573 481 3658 τὴν
501 3582 574 3668 περὶ
596 3578 660 3644 τῶν
682 3579 841 3666 ἐσομένων
869 3573 1015 3664 ἀνάγκην
1038 3603 1072 3644 τε
1096 3585 1157 3646 καὶ
1180 3581 1293 3666 έιμαρ-

276 3683 376 3766 μένην
393 3676 624 3771 ἀναιροῦντες,
657 3676 678 3762 ἢ
696 3687 751 3748 καὶ
773 3682 831 3763 τῆς
851 3681 1008 3772 προνοίας
1027 3673 1113 3759 ὅλως
1136 3683 1205 3749 τῶν
1222 3681 1294 3774 τῇδε

277 3779 447 3869 ἐκβάλλειν
471 3779 549 3859 τοὺς
569 3777 691 3864 θεοὺς,
713 3781 808 3865 ἢκαὶ
825 3781 884 3866 τὴν
905 3783 969 3850 τῶν
990 3780 1154 3875 χειρόνων
1181 3780 1294 3858 ἀστοῖς

277 3881 409 3965 ἀιτίαν,
445 3880 518 3951 ἀντὶ
541 3886 604 3953 τῶν
628 3886 662 3952 ἐκ
687 3888 750 3954 τῶν
775 3888 923 3954 δυνατῶν
950 3889 1133 3974 βελτίστων
1155 3879 1294 3978 περιάπ-

277 4003 359 4055 τειν·
387 3981 558 4076 ἀμήχανον
583 3984 637 4074 ἀν,
664 3985 711 4078 μὴ
730 3985 769 4062 οὗ
790 3985 926 4083 θάτερα
948 3985 1019 4074 ἀεὶ,
1047 3985 1128 4072 ἤτοι
1148 3987 1195 4058 τά
1215 3981 1294 4080 πρό-
