2728 4758
263 447 324 510 262

348 613 389 687 ὀύ
410 621 528 701 ἕνεκεν,
563 621 619 685 καὶ
642 613 681 684 τὸ
703 609 841 702 ἀγαθὸν
877 619 984 700 (τέλος
1019 615 1083 709 χάρ
1117 619 1258 706 γενέσεως

351 717 461 804 πάσης
482 716 567 791 τοῦτ’
591 721 682 800 ἐστι’.)
715 709 789 801 (Ο.)

286 825 322 908 8)
340 820 570 907 ποιητικὰ]
607 823 729 886 Euseb.
752 819 885 904 ποιητοί.

287 929 323 1008 9)
349 924 461 1017 παρὰ
496 929 537 993 δὲ
571 923 643 1004 τὰς
677 926 809 1017 τρεῖς]
859 926 1037 990 Articulum
1072 947 1136 992 non
1169 927 1257 992 habet

351 1029 460 1095 Casel.
1342 1029 1344 1034 ’

264 1133 320 1214 10)
347 1133 462 1199 ἔστιν
482 1128 619 1200 σἰίτιον
639 1132 680 1200 ἒν
699 1125 846 1211 ἀστοῖς
868 1135 936 1198 καὶ
958 1127 1002 1200 τὸ
1023 1133 1162 1216 τέλος]
1198 1134 1259 1198 En·

347 1237 416 1299 seb.
439 1233 529 1303 ἔστιν
548 1237 582 1302 ἐν
606 1230 721 1313 ἆυτοῐς
744 1230 851 1302 ὧίτισν
876 1241 932 1302 καὶ
957 1239 1058 1314 τέλος.

264 1337 320 1418 11)
341 1333 556 1411 τοσούτων
576 1332 720 1406 ιἰιτίων
741 1340 892 1418 δεῖται,
914 1334 1017 1405 ἀλλὰ
1038 1333 1136 1424 τιίχε
1153 1338 1261 1406 πλεί-
1293 1405 1297 1412 ,

349 1465 454 1511 στωυ
475 1437 669 1528 δεόμενα]
706 1442 796 1504 Haec
823 1444 922 1504 verba
954 1443 1067 1504 absunt
1097 1441 1130 1505 in
1155 1443 1259 1505 Havn.

350 1545 417 1610 Ald
441 1548 472 1609 1.
497 1545 529 1608 2.
552 1557 584 1608 et
606 1542 713 1609 Casel.
756 1546 920 1612 Lacunam
955 1565 996 1609 ex
1020 1543 1165 1610 Eusebio
1189 1566 1261 1628 sup·

350 1649 438 1731 plent
460 1641 556 1713 Mon.
579 1659 611 1712 et
631 1648 753 1710 Luna.-

267 1750 320 1832 12)
349 1753 645 1841 Γνωριμωτίροι
665 1743 695 1816 δ’
717 1745 786 1830 cliv]
828 1748 881 1812 Sic
905 1751 1014 1814 Lond.
1040 1771 1083 1814 ex
1108 1748 1258 1816 Eusebio.

350 1855 588 1945 Ιύωριχιωτέρα
609 1850 674 1943 γὰρ
696 1849 737 1920 ὀίν
759 1854 867 1915 Havn.
890 1853 1024 1917 Aldinae
1040 1865 1079 1918 *et
1098 1853 1208 1918 Casel.

265 1957 321 2038 13)
349 1957 425 2022 τῶν
451 1956 702 2042 γινομένων]
741 1955 793 2018 Sic
819 1957 938 2020 Euaeb.
961 1957 1039 2019 Ald.
1063 1957 1096 2022 2.
1121 1957 1263 2021 Monet

350 2060 459 2126 Lond.
489 2059 552 2126 τῶν
573 2060 746 2148 ἒιρημένων
770 2059 878 2123 Havn.
901 2071 932 2121 et
953 2059 1029 2123 Ald.
1058 2055 1108 2123 1.'

137 2241 140 2246 Ι
266 2163 321 2243 11)
350 2157 394 2228 τὸ
416 2156 494 2229 ὑπὸ
516 2163 588 2226 τοῦ
611 2160 823 2246 τεχνίτου]
857 2162 960 2226 Abest
980 2159 1067 2229 τὸὶο
1088 2163 1170 2228 Ald.
1193 2163 1225 2226 2.

266 2266 320 2344 15)
347 2259 590 2350 γινόμενον]
625 2265 734 2326 Havn.
757 2275 788 2326 et
809 2265 930 2328 Euseb.
952 2259 1137 2351 χευάμενον.
1195 2307 1198 2313 v

264 2369 320 2450 16)
342 2369 535 2436 ὁισιιεῦον
555 2364 577 2451 ἢ
599 2361 837 2452 ἆιιοντίζον]
874 2368 981 2432 Havn.
1009 2379 1040 2432 et
1062 2369 1144 2438 All.
1164 2369 1197 2435 2.
1219 2371 1265 2436 δι·

349 2465 471 2538 στεύων
500 2466 522 2552 ἢ
551 2465 726 2552 ἀκοντίζων
760 2470 919 2535 subintell.
955 2467 1150 2560 ἄνθρωπος.
1208 2473 1266 2535 Sed

317 2617 320 2620 -
348 2574 511 2659 vulgatum
540 2574 634 2636 habet
661 2572 816 2641 Eusebius
839 2595 909 2646 cnm
934 2572 1126 2645 Ald.1,et
1157 2576 1262 2641 Lond.

348 2687 383 2740 ut
405 2676 562 2739 referatur
583 2675 622 2738 ad
643 2676 738 2750 ἐῐδος.
773 2672 847 2754 (0.)

262 2780 319 2861 17)
347 2772 394 2844 ὁῦ
423 2772 548 2866 χάριν
582 2780 740 2862 χέχονε,
775 2779 998 2846 τουτέστιν
1025 2773 1047 2861 ἢ
1076 2775 1179 2868 τιμή
1207 2805 1266 2848 τι·

346 2881 435 2961 νος]
460 2879 513 2942 Sin
528 2880 622 2943 Mon.
643 2891 673 2942 et
687 2879 795 2942 Lond.
820 2901 860 2943 ex
879 2882 1031 2948 Eusebio.
1076 2885 1191 2972 Hann.
1214 2905 1266 2946 an·

345 2995 430 3060 tem,
463 2982 597 3048 Aldinae
626 2994 657 3048 et
682 2981 790 3052 Casel,
820 2978 859 3051 ὁύ
881 2979 981 3077 χάριν
1000 2983 1140 3073 χεχονὸς
1163 2991 1266 3064 ἐστιν,

347 3113 368 3168 η
391 3111 469 3172 τιμη
491 3108 589 3164 τινος.

260 3191 316 3272 18)
345 3187 366 3270 ἢ
394 3189 453 3268 ἒις
490 3184 592 3254 Θεὸν
619 3181 809 3274 ἐυσέβειιί
831 3190 913 3273 τις]
950 3190 1003 3255 Sia
1024 3191 1151 3256 Euseb.
1173 3195 1265 3257 Mon.

346 3291 454 3358 Casel.
482 3303 513 3356 et
530 3291 639 3356 Lond.
667 3292 759 3354 hene.
808 3291 915 3356 Havn.
943 3305 976 3357 et
1001 3295 1142 3358 Aldinae
1175 3292 1197 3376 ἢ
1226 3295 1268 3370 ἐις

343 3392 433 3472 τινὸς
451 3396 599 3479 ἐυσὲβιιιι
613 3435 629 3450 -
641 3393 788 3478 Bagolin.
806 3397 857 3460 vel
876 3397 1030 3460 alienius
1052 3400 1087 3458 in
1110 3399 1268 3481 aliquem

244 3487 248 3494 ”
343 3500 488 3582 religio,
519 3497 628 3583 legens
647 3495 713 3562 sine
738 3495 834 3567 dubio
856 3492 877 3582 ἢ
897 3498 941 3578 ἐίς
966 3519 1039 3561 τινα
1059 3494 1155 3574 τινὸς
1181 3499 1268 3564 ἐυσέ-

341 3601 427 3684 fieta.
466 3599 540 3679 (0.)
1171 3615 1175 3625 “

255 3703 311 3784 19)
333 3698 486 3768 Ὄντων
506 3701 649 3767 τοίνυν
669 3693 884 3770 τοσούτων
904 3700 980 3768 τῶν
1002 3693 1179 3784 ἆιτίων]
1218 3697 1270 3763 Sin

341 3806 462 3870 Enseb.
480 3804 585 3870 Havn.
600 3813 631 3867 et
650 3804 728 3868 Ald.
748 3803 781 3867 2.
804 3797 906 3868 ὄντων
927 3795 1039 3870 τοίνυν
1056 3799 1189 3872 τούτων
1206 3803 1268 3868 τῶν

213 3978 216 3988 ,
340 3903 453 3973 ἀιτίωυ
477 3902 643 3974 τοσούτων
660 3907 769 3972 noun
799 3915 831 3970 et
856 3905 932 3970 Ald.
955 3909 991 3972 ,1.
1025 3904 1133 3974 ὄντων
1156 3906 1268 3977 τοίνυν

325 4007 453 4076 ,άιτιων
478 4008 541 4075 ’τῶν
562 4002 737 4080 τοσούτων.
781 4007 888 4073 Caael.
