2728 4758
1034 413 1095 478 22⁷

96 589 202 666 petest
225 576 300 666 quin
324 579 508 644 alterutrum
531 596 675 670 semper,
705 581 757 646 vei
779 583 867 666 qued
888 582 1011 666 primo,
1043 583 1095 646 vel

96 685 183 768 quod
209 693 373 766 postremo
399 685 622 760 decreverant,
660 682 761 748 altero
777 684 832 748 'sit
856 687 1014 763 deterius,
1060 695 1096 750 ut

95 785 231 870 proinde
261 785 294 848 in
317 785 450 849 alterum
480 786 596 850 horum
627 785 822 871 flagitiorum
849 787 872 854 ii
900 788 954 872 qni
979 789 1095 854 Fatum
1145 783 1148 796 ⁴

95 889 229 964 tollunt,
266 887 445 952 necessario
479 886 628 952 incidant.
682 888 747 953 Sed
780 901 948 974 utrumque
980 890 1097 956 horum

95 990 209 1060 multis,
222 988 323 1054 modis
347 1000 395 1053 est
415 988 627 1073 impossibile,
666 1003 699 1054 et
725 991 833 1056 sutura
850 991 959 1059 omnia
980 1013 1021 1058 ex
1043 1013 1096 1058 ae·

97 1090 531 1178 urnitateeonstitutarsunr
551 1104 583 1156 et
604 1092 766 1171 ordinata,
804 1095 844 1158 ab
871 1117 936 1158 uno
958 1094 1097 1160 omnium

96 1197 191 1281 Rege
212 1196 293 1260 Iove
316 1193 458 1259 ordinata
481 1215 519 1258 ac
539 1187 678 1262 definite.
723 1196 787 1279 Qui
811 1218 989 1290 quanquam
1008 1198 1097 1263 solus

95 1298 179 1363 inter
201 1295 306 1362 omnia
326 1297 471 1361 definitus
492 1319 557 1362 non
579 1309 644 1376 est,
669 1321 740 1362 cum
761 1300 900 1365 nondum
921 1299 1018 1364 suerit
1039 1299 1097 1364 ali·

95 1401 189 1486 quid,
214 1402 303 1485 quod
315 1391 452 1464 ‘definire
472 1399 575 1484 ipsum
596 1401 750 1486 quiverit,
773 1405 859 1484 (nam
879 1424 899 1468 a
919 1403 984 1466 suis
999 1423 1097 1488 quae·

95 1526 158 1591 que
180 1504 282 1568 causis
311 1501 434 1568 definiri
460 1524 590 1592 necesse
619 1506 686 1585 est)
727 1517 831 1570 tamen
862 1505 973 1590 potior
1003 1505 1103 1586 licet,

95 1629 192 1693 quam
219 1606 276 1691 qui
306 1605 429 1672 definiri
454 1607 617 1690 potnerit,
662 1618 694 1672 et
725 1619 830 1671 manet
861 1629 988 1692 semper
1014 1607 1098 1672 idern

97 1714 273 1795 eodemque
293 1709 326 1773 in
347 1719 447 1788 statu,
476 1720 510 1773 et
529 1710 695 1774 maximam
717 1710 856 1774 omnimn
876 1709 1097 1776 fortissimam·

99 1835 163 1900 que
185 1812 422 1890 necessitatem,
446 1833 526 1897 quae
541 1813 611 1895 ipsa
623 1834 683 1896 per
696 1833 733 1876 se
752 1814 920 1878 necessitas
941 1826 1011 1892 est,
1034 1835 1100 1880 non

40 1901 44 1910 ⁵
95 1939 156 2003 per
178 1915 289 1993 alium,
322 1915 467 1980 sustinet.
522 1915 619 1997 Quod
639 1929 826 2002 argmnento
854 1937 923 1981 esse
952 1919 1045 1982 debet
1066 1927 1101 1982 et

95 2018 315 2088 necessitatem
334 2029 497 2102 praestare
516 2017 675 2094 fortuitis,
699 2030 731 2082 et
752 2019 845 2098 Iovi,
869 2022 957 2104 quod
978 2041 1099 2085 summe

95 2126 202 2189 bonus
230 2121 287 2199 sit,
325 2119 490 2184 maximam
510 2120 727 2185 necessitatem
749 2143 842 2206 quam
864 2122 997 2186 maxime
1020 2121 1099 2189 con·

96 2226 220 2294 venire.
269 2223 444 2290 Enimvero
465 2222 520 2301 iis,
566 2244 646 2308 quae
667 2224 842 2290 immediate
863 2227 903 2290 ab
925 2225 998 2309 ipso
1015 2247 1099 2310 pro·

96 2333 276 2404 ducenum,
313 2328 395 2392 hanc
424 2325 525 2410 ipsam
555 2327 754 2396 affectionem
784 2320 928 2394 ¹secundo
957 2341 1032 2414 post
1064 2349 1100 2394 se
1214 2389 1216 2396 ,

96 2433 174 2500 loco
189 2429 341 2515 impertit.
383 2430 467 2494 Nam
487 2449 567 2512 quae
589 2443 735 2515 generat,
759 2452 888 2496 necesse
910 2444 959 2502 est
977 2453 1100 2518 cogna-

96 2550 130 2602 ta
161 2534 222 2600 sibi
248 2533 416 2616 producat.
473 2533 564 2596 Haec
591 2553 670 2597 vero
698 2533 759 2597 alia
787 2533 879 2598 simul
908 2534 1013 2604 omnia
1039 2555 1101 2618 per
1139 2548 1141 2553 “

95 2640 203 2725 ipsum
235 2637 359 2715 definit,
407 2635 545 2720 nihilque
577 2647 625 2700 est
651 2637 704 2701 vel
732 2658 882 2723 magnum
910 2640 1009 2716 adeo,
1048 2637 1101 2704 vel

95 2763 252 2828 parvum,
290 2737 443 2826 quorsum
470 2739 539 2823 ipse
565 2740 771 2824 praescriptis
793 2761 867 2805 ase
888 2737 1013 2827 legibus
1034 2761 1102 2806 non

96 2844 274 2931 pertingat.
331 2821 421 2908 Nihil
452 2841 535 2906 enim
563 2864 631 2907 esse
658 2854 767 2926 potest
795 2845 882 2927 quod
913 2843 1016 2926 ipsum
1035 2863 1103 2908 non

99 2943 258 3036 agnescat
278 2966 340 3028 pro
362 2965 455 3010 causa
475 2945 658 3028 praecipua.
691 2947 802 3010 Porro
824 2944 884 3009 nisi
904 2945 1031 3010 definita
1051 2966 1103 3010 es·

97 3063 171 3118 sent
192 3051 321 3127 iutrtra,
344 3067 384 3112 ne
405 3046 558 3131 praesciri
579 3048 704 3131 quidem
724 3059 878 3131 possent,
912 3070 978 3114 non
998 3049 1103 3115 solum

97 3159 141 3223 ab
175 3150 373 3228 hominibus,
410 3152 466 3216 sed
493 3171 534 3215 ne
563 3151 687 3234 quidem
715 3173 735 3214 a
764 3172 923 3238 quoquam
945 3151 1103 3218 Deorum.

98 3254 192 3324 Fieri
213 3252 294 3316 enim
316 3251 444 3316 omnino
476 3274 542 3316 non
567 3264 674 3336 potest
701 3265 737 3318 nt
770 3255 937 3339 quicqum
966 3251 1101 3331 sciatur,

105 3359 197 3445 quod
222 3374 357 3438 prorsus
383 3374 447 3418 non
474 3353 515 3419 sit
534 3353 724 3420 definimus
749 3357 832 3420 Nam
858 3377 961 3442 neque
982 3354 1106 3422 definiri

100 3471 215 3548 posset
236 3459 394 3543 quodmm
415 3479 526 3522 verum
545 3458 602 3536 sit,
640 3479 741 3542 neque
769 3471 874 3523 utrum
900 3462 1042 3525 futurum
1065 3459 1107 3524 sit

102 3587 146 3630 an
167 3561 281 3626 minus.
324 3560 393 3627 Iam
414 3572 517 3624 autem
538 3573 654 3624 norunt
675 3561 730 3625 Dii
749 3561 873 3639 futura,
905 3562 1053 3647 qnoniam
1074 3574 1108 3626 et

104 3671 318 3732 decreverunt
339 3665 413 3740 illa,
443 3676 475 3730 et
497 3665 622 3740 eadem,
654 3665 726 3726 dum
750 3685 843 3728 causa
864 3665 991 3730 illorum
1013 3677 1104 3742 sunt,

102 3770 223 3846 habent
244 3765 304 3831 sihi
324 3788 449 3850 semper
472 3778 543 3833 ante
565 3765 676 3832 nendos
698 3768 890 3848 praesentia,
914 3769 987 3833 licet
1003 3780 1108 3834 ortum

106 3873 251 3938 nondum
272 3881 365 3934 nacta
384 3868 458 3937 sint.
503 3867 600 3936 Certe
623 3869 712 3935 aliter
732 3891 797 3934 non
819 3884 936 3936 norunt
956 3893 1028 3950 res,
1052 3869 1111 3936 nisi

105 3978 183 4066 dnm
212 3951 384 4058 disponudt
412 3972 503 4049 illas,
549 3985 581 4040 et
609 3994 720 4039 causae
746 3973 869 4038 illarum
898 3988 981 4040 sunt.
1040 3975 1111 4038 Nec
1177 4046 1179 4051 .
