2728 4758
917 465 977 474 ..
1062 387 1123 455 tus

27 623 29 630 ,
120 559 371 650 repudiandum)
412 561 537 628 motu-i
576 569 682 628 tamen
712 557 855 628 coneedit
890 555 967 626 illud
1002 557 1122 645 ipsum,

124 672 212 754 quod
236 669 267 733 in
289 667 384 732 nobis
407 666 595 750 principium
617 677 721 730 motus
743 674 806 742 est,
843 677 873 730 et
899 687 916 728 a
941 668 1036 729 nentis
1065 687 1124 731 nos

120 770 412 846 circumstantibus,
437 755 470 832 et
488 791 506 832 a
524 769 597 834 Deo
618 768 709 852 ipso,
733 769 839 834 simibi-
855 768 991 832 divium
1008 789 1125 852 possu-

121 896 189 938 mus
215 872 487 938 manuductionem
513 872 650 956 assequi.
709 873 817 955 Atque
846 873 910 936 hoe
940 893 1008 936 esse
1032 871 1123 937 intel·

122 977 237 1044 lectum
263 987 430 1052 nostrum,
465 973 520 1058 qui
535 973 699 1038 'sententiis
725 975 920 1040 extrinsecus
945 975 1005 1040 sibi
1024 975 1124 1040 insitis

120 1080 276 1164 reliquam
292 1077 411 1142 animae
426 1089 550 1160 partem
571 1089 721 1154 moveat,
745 1077 939 1144 voltmtatom
957 1077 1076 1142 scilieet
1094 1091 1125 1142 et

120 1194 295 1260 conatum,
312 1192 344 1243 et
364 1201 444 1264 quae
466 1181 545 1243 haec
570 1191 744 1264 sequuntur
765 1179 859 1242 animi
881 1182 1123 1260 commotiones,

121 1285 273 1372 gaudium
295 1283 473 1360 internum,
507 1305 571 1349 non
595 1283 628 1346 id
654 1285 741 1366 quod
764 1304 806 1346 ex
834 1303 928 1347 sensu
950 1284 1071 1361 onitin,
1093 1297 1126 1348 et

120 1387 352 1474 aegritudinem
377 1386 538 1465 similiter,
569 1399 602 1450 et
620 1407 708 1469 spem
732 1397 763 1448 et
780 1398 915 1463 metum,
946 1399 978 1451 et
1002 1387 1125 1450 desidm

38 1521 41 1547 ι
116 1492 221 1571 nium,
256 1502 288 1554 et
314 1489 423 1575 iram„
445 1489 510 1554 imo
541 1503 670 1574 praeter
699 1491 778 1554 haee
810 1489 902 1552 etiam
927 1489 1126 1576 imaginatio·

119 1615 205 1672 nem.
250 1594 342 1658 Haec
363 1593 445 1658 enim
464 1605 537 1658 sunt
561 1614 641 1678 quae
667 1593 843 1658 intellectus
865 1605 975 1658 noster
1004 1606 1124 1671 movet,

121 1711 154 1762 et
177 1696 292 1781 quihus
309 1695 468 1780 inperat,
493 1697 688 1761 extrinsecus
713 1697 781 1779 ipse
799 1709 992 1762 commotus.
1015 1691 1017 1696 ’
1037 1697 1128 1762 Haeo
1180 1674 1183 1693 ’

118 1819 251 1886 quoque
292 1799 325 1864 in
365 1811 476 1864 nostra
515 1811 673 1883 potestate
713 1821 782 1863 esse
821 1798 968 1878 dixerunt
1005 1799 1106 1864 Stoici
1114 1823 1128 1877 ·,-

116 1903 241 1988 'quippe
262 1923 343 1987 quae
364 1902 396 1966 iu
412 1901 602 1985 praecipuae
619 1901 723 1986 partis
745 1914 891 1980 nostrae,
916 1903 1061 1968 nimirum
1078 1904 1148 1966 ino.

120 2007 268 2070 tellectus
296 2017 461 2088 potestate.
477 2019 599 2068 essenta
621 2006 689 2088 ipse
712 2026 803 2073 veno¹
816 2005 992 2069 intellectus
1019 2019 1128 2070 noster

117 2130 189 2174 non
208 2129 311 2190 porro
337 2119 385 2170 est
408 2107 441 2170 in
468 2119 648 2190 potestate,
680 2108 733 2172 vel
759 2107 837 2172 alius
865 2121 1047 2173 nostrarum
1078 2110 1128 2173 sas

120 2212 296 2288 euitatum,
321 2211 373 2275 vel
393 2210 442 2274 sui
467 2210 578 2294 ipsius.
622 2210 685 2275 Ast
710 2209 764 2294 qui
786 2212 900 2275 Fatum
920 2212 1053 2288 tollunt,
1078 2211 1127 2290 his
1150 2264 1152 2277 ,

119 2303 299 2380 rationibus
325 2314 498 2396 compidsi,
523 2315 716 2401 confugiunt·
728 2317 768 2378 ad
787 2313 878 2378 istam
899 2315 1126 2391 defensionem,

36 2470 39 2476 .
118 2419 292 2502 dicuntque
316 2415 508 2480 intellectum
531 2419 616 2482 huno
640 2430 785 2484 nostrum
816 2419 875 2482 sub
901 2417 1035 2500 imperio
1068 2437 1155 2482 von

64 2603 69 2615 Ι
118 2520 251 2586 luntatis
272 2541 363 2583 esse:
401 2519 576 2604 siquidem,
613 2521 670 2584 uhi
693 2520 776 2584 illins
798 2541 914 2584 stiram
928 2542 1058 2606 gerere,
1098 2533 1131 2586 et

117 2646 273 2690 exercere
299 2623 387 2686 ilhim
407 2623 624 2700 voluerimus,
648 2623 810 2706 proficiat.
874 2625 1048 2688 Vernmet
1064 2624 1130 2688 hoe

119 2749 186 2814 pro
209 2726 357 2810 opinione
381 2726 557 2802 intelieettu
586 2727 780 2804 habendum,
815 2730 902 2812 quod
931 2727 1077 2792 nimintm
1100 2727 1130 2790 is

118 2833 192 2916 ipse
214 2831 370 2902 curandus
392 2842 424 2894 et
446 2833 639 2895 exercendus
661 2831 723 2909 sit,
763 2851 843 2915 quae
865 2832 925 2896 nisi
946 2831 1034 2914 prius
1054 2831 1130 2896 insit

118 2934 313 3012 intellectui,
346 2933 513 3018 nequidem
541 2933 715 3016 poterimus
745 2934 828 2998 velle
851 2934 917 2997 eins
941 2953 1049 2996 curam
1072 2955 1158 3019 geo·
1212 2977 1214 2984 ,

119 3058 215 3111 rene3
246 3050 293 3100 ut
318 3039 397 3102 adeo
421 3034 482 3100 hae
504 3057 639 3121 ,quoque
667 3036 791 3101 ratione
816 3037 993 3100 intellectus
1015 3037 1130 3101 volun-
1155 3063 1158 3068 ·

120 3151 223 3210 tatem
244 3142 284 3203 ad
304 3161 337 3203 se
359 3141 482 3218 flectat,
521 3141 561 3204 ab
576 3181 578 3185 ,
592 3139 745 3204 eiusmodi
774 3139 923 3222 opinione
953 3139 1021 3221 ipse
1043 3139 1137 3221 prius

120 3253 319 3308 commotus.
374 3243 481 3322 Quare
510 3266 569 3307 nee
590 3254 694 3307 motus
709 3254 931 3325 spontaneus,
969 3263 1029 3304 nee
1052 3263 1132 3324 quae

121 3347 293 3412 innostra
312 3353 470 3425 potestate
499 3357 587 3424 sunt,
626 3347 652 3410 si
681 3358 767 3410 reete
796 3345 1042 3430 intelligantur,
1068 3346 1131 3408 Fa·

125 3463 209 3516 tum,
222 3447 351 3511 tollunt.
410 3445 506 3527 Quod
535 3461 566 3511 et
587 3450 746 3512 declarant
768 3448 810 3525 ii,
849 3447 904 3531 qui
925 3447 974 3510 his
998 3447 1131 3512 vocibus

124 3551 232 3638 primo
255 3561 328 3613 sunt
348 3548 416 3625 usi,
455 3549 508 3612 illa
530 3551 654 3632 quidem
676 3553 795 3628 Plato,
825 3553 885 3616 hae
907 3572 988 3613 vero
1011 3550 1129 3627 Stoici,

127 3657 202 3722 dum
230 3655 343 3716 Fatum
371 3665 558 3735 propterea¹
576 3675 641 3716 non
669 3656 807 3732 tollunt,
845 3657 902 3718 sed
934 3653 1041 3735 potius
1070 3673 1142 3735 pro»

127 3767 219 3826 certo
242 3767 376 3838 ponunt.
422 3758 504 3820 Nam
521 3755 621 3822 Stoici
641 3755 749 3820 iubent
772 3759 863 3822 etiam
884 3757 958 3821 illos
980 3757 1133 3839 frequen-v

129 3871 180 3924 tet·
205 3860 361 3938 adducens
383 3859 531 3923 lambos:
846 3909 877 3936 .,,

806 3963 844 4028 to
