2804 4762
1080 445 1119 508 61

55 623 57 631 ¹
117 607 302 688 Qrtomode,
315 607 535 692 Agamemnon
557 617 644 672 recte
662 619 760 670 semet
778 604 997 674 condemnavit
1016 611 1122 676 dicens

113 733 185 775 nec
215 731 291 794 ego
323 709 375 776 id⁴
395 708 528 795 nego?
571 713 652 774 Nam
671 711 699 772 si
728 711 910 774 Alexander
934 724 1122 794 potestatem

112 813 224 878 habuit
257 813 427 896 spernendi
454 813 558 876 omnia
590 813 649 876 ista
680 813 932 892 circumstantia,
979 837 1058 900 quae
1084 821 1123 882 ad

112 928 239 997 raptum
262 935 333 978 eum
347 914 537 994 incitabant,
562 927 614 978 aut
627 917 793 986 Menelaus
810 939 868 992 ea,
894 940 974 1002 quae
990 920 1124 988 adirem

112 1041 182 1080 eum
204 1019 426 1099 impellebant,
462 1031 515 1082 aut
537 1019 758 1103 Agamemnon
782 1040 818 1082 ea
841 1021 884 1084 ob
911 1043 990 1104 quam
1008 1033 1119 1099 semet,

110 1135 144 1184 ut
172 1134 299 1185 sontem
321 1133 466 1198 accusat,
504 1121 586 1184 iuste
613 1141 721 1184 omnes
743 1121 790 1184 illi
816 1123 1030 1204 culparentur.
1074 1127 1121 1190 Aa

109 1225 135 1290 si
157 1225 235 1290 olim
258 1237 290 1288 et
311 1237 382 1288 ante
402 1225 496 1300 olim,
520 1235 551 1288 et
572 1236 737 1307 antequam
756 1224 854 1286 ullum
871 1223 995 1288 illarum
1013 1249 1119 1292 rerum

110 1327 444 1404 initiumexsisteret,
469 1348 579 1392 verum
597 1325 656 1390 luit
681 1327 714 1389 id
736 1328 822 1408 quod
839 1325 902 1390 iam
919 1330 958 1392 de
984 1327 1117 1414 singulis

108 1431 263 1507 (linimus,
287 1430 321 1494 id
342 1431 442 1513 ipsum
465 1451 597 1514 nempe,
622 1431 665 1494 ob
684 1429 925 1514 quodquisque
943 1433 1117 1514 reprehen-

109 1535 215 1610 ditur,
255 1536 419 1617 quomodo
443 1533 504 1617 ipsi
534 1536 573 1598 de
597 1533 749 1617 hisquae
780 1533 865 1598 facta
893 1545 965 1596 sumt
991 1535 1117 1617 culpam

109 1636 237 1710 ferent?
275 1639 359 1700 Tum
385 1657 466 1702 vero
496 1639 659 1720 quomodo
694 1635 859 1720 quisquam
888 1635 1069 1719 explicabit
1084 1638 1117 1702 in

106 1741 198 1806 nobis
223 1761 292 1806 esse
315 1741 449 1806 virtutes
471 1751 503 1803 et
526 1739 626 1804 vilia?
654 1740 826 1820 Quomodo
847 1738 874 1802 si
894 1737 938 1802 ita
960 1739 1038 1803 lacti
1062 1763 1120 1822 su·⁸

108 1867 198 1921 mus,
238 1845 320 1908 iuste
345 1843 397 1906 alii
421 1844 582 1908 florebunt
606 1843 768 1919 laudibus,
806 1839 859 1907 alii
880 1843 1037 1908 dedecore
1058 1847 1113 1908 ad·

108 1945 326 2032 spergentur?
359 1946 447 2012 Nihil
474 1945 555 2010 enim
580 1948 659 2008 haee
686 1944 838 2010 sententia
862 1947 1018 2027 praebet,
1055 1945 1115 2012 nisi

107 2049 317 2133 patrocinium
333 2050 420 2113 malis
443 2050 576 2114 actibus.
620 2049 773 2112 Videmus
792 2047 873 2110 enim
895 2047 1036 2129 pulchris
1052 2050 1113 2112 ho-

108 2155 268 2236 nestisque
297 2153 473 2218 actionibus
498 2152 652 2217 neminem
681 2169 750 2214 esse
778 2150 832 2234 qui
852 2151 965 2214 Fatum
989 2173 1114 2215 causam

109 2257 285 2333 adscribat,
310 2267 341 2318 at
358 2268 470 2320 contra
498 2255 552 2339 qui
574 2253 647 2318 mali
668 2265 740 2318 sunt
760 2253 865 2332 dicere
885 2273 919 2316 se
940 2253 1019 2316 tales
1040 2239 1117 2316 'esse'

107 2359 137 2422 vi
158 2358 251 2434 Fati,
293 2359 347 2442 qui
364 2360 420 2422 ubi
441 2359 584 2422 audirent
610 2359 673 2422 hoe
694 2369 726 2420 et
749 2357 961 2440 philosophos
988 2356 1116 2433 dicere„

107 2465 271 2546 quomodo
297 2484 360 2526 non
390 2461 515 2528 abiecto
544 2464 667 2544 pudore
695 2473 726 2523 et
750 2459 811 2543 ipsi
834 2463 873 2524 ad
898 2460 971 2526 talia
995 2481 1112 2544 proce-

106 2567 195 2644 dent,
227 2576 260 2628 et
281 2565 358 2630 alios
379 2568 418 2630 ad
438 2569 547 2632 eadem
568 2562 805 2630 hortabuntur?

166 3102 342 3184 Quomodo
358 3113 461 3168 autem
479 3103 534 3187 qui
554 3103 599 3166 sic
613 3101 750 3166 sentiunt
775 3101 858 3165 niori
878 3113 1029 3185 poteumt
1043 3102 1110 3166 De·

103 3225 195 3268 orum
232 3207 271 3270 de
306 3207 402 3270 nebus
423 3207 578 3270 -humanis
616 3201 766 3271 curam?⁴
798 3207 881 3268 Nam
905 3205 938 3268 'si
966 3207 1114 3270 Deorum
1146 3234 1149 3241 ·

102 3318 251 3385 ostenta„
290 3331 371 3392 quae
390 3308 554 3372 interdum
569 3309 710 3372 euenisse
728 3309 898 3382 dicuntur,
932 3308 1017 3371 facta
1038 3318 1113 3370 suut

101 3429 141 3472 ex
167 3432 264 3480 causa
286 3412 455 3488 anteiaeta,
493 3412 585 3478 itaut
604 3415 743 3482 nondum
765 3421 841 3474 nato
862 3408 989 3473 illorum
1006 3407 1110 3472 homi·
1185 3437 1187 3446 ¹

101 3533 174 3578 num
203 3514 311 3598 aliquo
336 3537 446 3580 verum
471 3514 566 3578 fauerit
592 3537 608 3578 a
635 3516 713 3580 Deis
739 3513 868 3597 aliquod
895 3512 969 3575 huie
997 3511 1109 3574 auxili·

18 3593 20 3616 ἰ
65 3607 68 3612 ’
98 3617 258 3693 emtore,
282 3622 444 3701 qaromodo
457 3639 580 3705 'quaeso
595 3620 658 3682 hoc
672 3620 775 3700 ipsum
794 3637 900 3680 curam
920 3616 1012 3686 alieni
1030 3635 1113 3698 pro-2

98 3719 257 3786 videntem
287 3734 404 3797 vocat,
443 3722 472 3786 si
493 3743 530 3784 ea
557 3741 621 3784 non
645 3743 685 3782 ex
706 3719 825 3784 meritis
848 3719 1016 3802 provenit,
1055 3720 1111 3780 sed

99 3843 137 3883 cx
155 3835 229 3892 ante
248 3824 352 3906 posita
369 3823 579 3888 necessitate?
616 3827 780 3905 quomodo
809 3823 901 3884 etiam
919 3822 1113 3894 defendetur

97 3927 266 3998 adversum
284 3926 373 3992 Deos
399 3927 500 4010 pietas
522 3949 633 3992 eorum
658 3926 712 4008 qui
739 3925 783 4007 pii
806 3937 992 4000 cementum,
1028 3923 1056 3986 si
1077 3922 1108 3983 in
1209 3991 1212 3999 ¹

87 4027 171 4108 ipsis
205 4049 274 4094 non¹
303 4029 363 4094 tuit
396 4032 555 4094 bocluon
588 4031 694 4095 lacere
724 4041 799 4095 tune
835 4049 906 4090 eum
939 4023 1109 4126 lacerent?
1211 4099 1219 4116 φ
