2804 4762
235 413 302 456 nm
334 378 345 452 ,Ι

122 590 126 596 ’
233 567 380 640 Ioanne
405 561 685 654 Schulthessio,
728 561 899 637 Doctorc
934 561 1169 661 Theologiae
1202 577 1239 639 et

142 729 144 734 ·
231 683 430 760 literarum
474 706 665 755 sacrarum
708 680 750 758 in
790 681 998 782 Gymnasio
1039 681 1240 758 Turicensi

233 801 458 891 Professore.
785 877 786 880 ,
1179 788 1183 795 ’

308 920 381 994 His
406 921 537 1018 itaque
561 921 758 1020 praesidiis
788 947 857 998 uso
888 923 999 998 licuit
1023 923 1120 997 mihi
1150 949 1245 1029 cum

233 1042 388 1117 lacunas
411 1041 594 1138 quasdam
608 1041 832 1118 'editionum
850 1043 1024 1143 priorum
1041 1045 1240 1143 supplere,

234 1171 317 1235 tum
346 1159 477 1238 veram
513 1173 550 1234 et
580 1161 788 1261 genuinam
814 1163 979 1238 auctoris
1012 1164 1242 1264 scripturam

232 1280 274 1354 in
295 1279 390 1353 locis
412 1279 518 1353 haud
541 1281 672 1379 paucis
698 1305 898 1375 revocare,
927 1310 1160 1381 quamquam
1185 1268 1240 1356 re-

231 1411 375 1474 starent
397 1401 485 1472 loca
505 1401 695 1478 nonnulla
714 1399 964 1500 corruptiore,
992 1427 1091 1500 quae
1113 1402 1241 1477 etiam-

233 1545 331 1594 num
368 1517 572 1591 meliorum
618 1516 809 1592 Codicum
845 1517 965 1618 ‘opem
1005 1519 1241 1614 desiderant,

236 1637 377 1736 quibus
396 1662 467 1735 pro
488 1635 631 1713 virium
648 1638 808 1720 modulo
835 1638 982 1747 ipselin
1008 1639 1244 1714 animadver-

233 1755 408 1862 sionibus
425 1751 614 1830 medelam
632 1757 764 1832 afferre
778 1769 937 1831 conatus
958 1785 1063 1853 sum,
1090 1757 1244 1833 adiutus
1288 1749 1289 1757 ἵ

127 1929 128 1934 1
234 1877 307 1952 hac
339 1875 381 1948 in
406 1899 449 1949 re
473 1874 652 1950 acumine
677 1887 715 1951 et
733 1876 950 1953 eruditione
965 1879 1148 1977 patruelis
1165 1877 1243 1956 mei

234 1992 419 2069 carissimi
443 1995 499 2065 lo.
527 1992 685 2094 Caspari
711 1993 861 2070 Orellii.
905 1995 1045 2071 Textui
1071 1997 1119 2070 ad
1143 2000 1242 2072 latus

234 2112 366 2187 addidi
378 2113 594 2188 versionem
606 2113 765 2188 latinam
778 2115 956 2210 Hugonis
972 2115 1109 2211 Grotii,
1123 2107 1243 2191 'maxi-

233 2256 298 2307 me
331 2256 379 2314 cx,
416 2232 585 2307 editione
609 2231 752 2308 Aldina
779 2234 990 2332 posteriore
1015 2259 1241 2334 expressam,
1304 2224 1312 2232 ’

232 2352 415 2427 insertam
440 2350 559 2425 latine
589 2351 637 2424 ab
664 2350 747 2450 ipso
772 2351 935 2426 redditis
956 2365 1130 2430 veterum
1157 2353 1242 2426 Phi-

232 2471 487 2568 losophorum
513 2471 562 2546 de
587 2469 682 2544 Fato
708 2471 903 2545 sententiis
942 2471 1144 2569 (Lugduni
1173 2473 1244 2546 Ba-

234 2602 413 2666 tavorum
439 2614 499 2688 ap.
516 2589 680 2665 Elzevir.
711 2587 805 2678 1648
831 2590 1036 2687 duodenis)
1063 2617 1153 2664 cum
1171 2593 1243 2674 ele-¹

234 2709 387 2806 gantior
416 2719 454 2782 et
484 2707 623 2784 melior
654 2706 852 2784 videretur
890 2735 936 2785 ea
972 2726 1072 2809 quae
1099 2710 1244 2806 legitur

233 2829 278 2904 in
305 2826 474 2902 editione
500 2827 761 2920 Londincnsi,
788 2828 966 2904 correctis
992 2841 1119 2903 tamen
1148 2830 1244 2931 locis

238 2947 488 3048 quibusdam,
514 2931 584 3020 ubi
604 2946 764 3020 humani
784 2947 878 3046 quid
894 2974 1023 3048 passus
1043 2948 1251 3024 videbatur*

235 3066 298 3142 vir
308 3064 543 3140 immortalis
568 3066 797 3158 memoriae,
824 3069 887 3142 vel
908 3065 979 3140 ubi
1005 3069 1246 3145 emendatior

234 3184 350 3260 lectio
384 3184 459 3259 alia
479 3184 684 3286 suadebat.
734 3185 873 3258 Libro
897 3183 945 3260 de
979 3185 1074 3262 Fato
1111 3188 1244 3263 addidi

236 3303 371 3404 Capita
396 3306 475 3377 duo
495 3304 542 3378 de
560 3303 732 3378 Fortuna
759 3314 797 3378 ct
814 3301 931 3397 Fato,
959 3330 1048 3379 cum
1069 3307 1246 3383 versione

187 3407 204 3435 s
234 3424 354 3497 latina
388 3422 527 3521 Angeli
565 3421 719 3498 Caninii
758 3421 865 3516 (nam
894 3417 1062 3500 ¹Grotius
1095 3429 1243 3500 nullam

235 3569 389 3642 prorsus
404 3568 538 3618 eorum
555 3541 733 3616 habuisse
746 3542 899 3618 videtur
911 3541 1106 3640 notitiam)
1130 3572 1244 3644 porro

236 3661 436 3736 Ammonii
463 3661 647 3736 Hermiae
675 3659 747 3734 filii
774 3676 811 3739 et
838 3661 982 3735 Plotini
1005 3661 1246 3739 Commenta-

237 3782 360 3855 tiones
394 3783 442 3855 de
465 3780 580 3872 Fat0,
618 3781 724 3854 illa'm
764 3806 809 3855 ex
840 3773 1008 3856 editione
1038 3780 1247 3857 Alexandri

238 3899 502 4004 Londincnsi,
529 3901 627 3978 hanc
653 3925 699 3975 ex
719 3927 802 3996 una
824 3926 921 3999 quae
945 3901 1089 3978 Graece
1111 3917 1246 3994 exstat2
