2728 4758
1062 357 1121 421 stt

227 475 230 500 Ι

18 539 19 570 t
129 520 219 588 ritate
239 518 354 588 {acturi
370 526 490 596 essent,
525 539 739 606 quaecumque
760 521 910 601 fecerint,
943 546 1045 610 nespas
1071 527 1122 590 vel
1225 585 1228 592 .

16 631 18 700 j
130 627 178 691 sui
206 626 337 717 amplius
366 623 487 688 arbitrii
511 623 611 689 futuri
640 626 692 688 vel
725 623 835 691 liberi:
880 627 934 691 Dii
958 650 1039 693 vcro
1071 630 1123 692 vel

15 761 17 806 ;
130 728 272 794 vacaturi
300 728 427 792 omuino
449 749 467 791 a
488 726 647 811 suppliciis
668 729 905 811 improborum,
941 733 992 796 vel
1016 731 1124 796 imme·
1177 720 1180 729 ¹

15 817 16 822 ἵ
129 830 192 896 rito
214 830 373 914 pamituri,
409 829 561 914 siquidem
581 831 662 896 ‘maii
688 833 750 897 sint
776 855 817 898 ex
837 833 1017 898 necessitate
1038 835 1123 898 mali.

130 936 253 999 Verum
278 933 421 998 homines
452 945 525 996 sunt
552 932 600 996 sui
623 932 766 1011 arbitrii,
804 956 869 999 non
898 938 985 1020 quod
1010 936 1123 1000 nullius
1189 1014 1193 1028 ‚

129 1038 263 1123 imperio
279 1048 427 1120 pareant,
462 1034 514 1100 vel
539 1035 616 1100 alius
640 1037 692 1100 vel
715 1036 859 1119 ipsorum
879 1038 1040 1116 Deorum,
1070 1041 1126 1102 sed

129 1145 217 1226 quod
243 1140 378 1204 habeant
404 1138 487 1204 intra
514 1160 548 1203 se
572 1141 727 1222 quendam
744 1139 975 1224 principatum,
1007 1142 1126 1207 scilicet

128 1255 282 1321 mentem,
305 1244 457 1328 pleraque
481 1263 561 1311 vero
590 1263 669 1327 qnae
697 1253 840 1326 pareant.
885 1243 928 1309 Et
955 1245 1126 1308 multorum

128 1348 254 1434 qttidem
274 1348 408 1426 horum,
431 1368 493 1411 una
511 1367 591 1431 quac
613 1347 764 1430 optimum
787 1360 834 1412 est
854 1360 966 1413 natura
982 1348 1015 1410 in
1032 1347 1126 1411 nobis

76 1449 80 1458 '
127 1451 255 1516 domina
275 1471 361 1513 mens
387 1463 446 1514 est.
498 1451 574 1534 Ipsa
604 1473 684 1516 vcro
710 1473 795 1516 mens
824 1452 911 1536 quod
938 1472 1040 1535 porro
1068 1472 1125 1533 pa·

38 1629 39 1633 ¹
124 1569 196 1644 reat
217 1553 333 1618 nemini
357 1553 418 1618 dici
440 1575 505 1618 non
524 1564 649 1636 potest:
680 1555 797 1638 quippe
816 1576 909 1640 quam
929 1554 1033 1638 primo
1055 1553 1125 1637 qni·
1236 1597 1241 1608 ι

128 1661 200 1723 dena
224 1679 276 1721 res
303 1667 448 1721 externas
475 1657 565 1742 sequi
585 1659 660 1723 satis
682 1669 730 1724 est
756 1659 971 1723 manifestum:
1017 1657 1126 1721 deinde

126 1763 203 1826 licet
237 1781 302 1824 non
332 1758 365 1824 in
392 1760 537 1824 omnibus
570 1765 609 1826 ab
643 1762 752 1826 iisdem
784 1765 879 1828 rebus
905 1763 1016 1826 codem
1048 1759 1127 1824 affici

128 1866 227 1930 modo
252 1862 468 1949 intelligatur,
506 1863 606 1930 minus
639 1876 742 1929 tamen
771 1876 855 1928 recte
892 1866 961 1950 quis
992 1865 1125 1943 iudicet,

126 1970 214 2033 illam
237 1979 411 2051 propterea
434 1990 499 2032 non
525 1990 566 2032 ex
591 1969 776 2038 necessitate
803 1989 855 2032 res
884 1965 992 2052 sequi:
1029 1967 1127 2052 siqui·

126 2075 200 2135 dem
226 2081 380 2153 apparet,
412 2071 476 2136 hoc
501 2081 533 2134 et
557 2093 577 2135 a
597 2071 721 2135 diversa
751 2071 901 2155 cuiusque
933 2069 1043 2134 mentis
1071 2093 1128 2138 na·

104 2187 201 2254 ¹tura
226 2186 258 2238 et
283 2174 322 2237 ab
352 2173 577 2239 exercitatione
603 2173 777 2258 proficisci.
834 2174 917 2238 Nam
943 2176 1049 2237 cadem
1075 2194 1127 2238 res
1211 2216 1213 2228 ·

127 2298 335 2362 quaecunque
355 2275 499 2358 pluribus
525 2277 671 2364 quidcm,
709 2279 766 2341 sed
786 2276 889 2362 aliqua
907 2276 991 2340 inter
1014 2298 1049 2340 se
1074 2299 1126 2341 ra-

125 2381 216 2445 tione
249 2379 381 2444 diversis
417 2401 612 2457 occurrens,
650 2379 790 2445 diversas
824 2380 917 2444 etiarn
947 2377 1126 2444 necessario

126 2483 311 2548 affectiones
328 2485 499 2565 producet.
543 2483 660 2548 Differt
683 2484 763 2547 enim
791 2485 872 2547 haec
892 2505 978 2547 mens
1004 2483 1036 2547 in
1064 2481 1129 2546 sin·

126 2586 211 2673 gulis
236 2587 268 2649 et
293 2606 356 2670 qua
383 2597 526 2649 naturam
548 2597 662 2670 etqua
688 2585 959 2650 exercitationem.
1003 2587 1047 2650 Et
1071 2605 1128 2649 na·

127 2703 203 2754 tura
224 2689 349 2775 quidem
369 2688 424 2754 Dii
446 2701 519 2753 sunt
544 2688 678 2766 domini,
709 2687 944 2754 exercitationis
964 2709 1044 2753 vero
1073 2687 1129 2752 illa

129 2793 282 2878 citiusque
306 2813 340 2855 se
357 2791 534 2856 exercentis
548 2790 675 2874 opinio,
699 2815 793 2876 quam
810 2791 898 2875 prius
916 2803 1025 2855 nactus
1048 2802 1127 2871 erat,

129 2917 287 2980 quamque
305 2893 434 2978 adipisci
451 2915 544 2957 nemo
563 2886 688 2976 potest,
711 2894 771 2959 nisi
788 2895 922 2959 docente
943 2895 1032 2972 Deo,
1074 2891 1130 2957 Sui

130 3019 214 3084 ergo
237 3009 310 3061 sunt
330 2995 452 3060 arbitrii
475 2995 617 3060 homiues
646 2996 678 3062 in
706 3007 857 3080 quantum
881 2995 942 3062 sibi
960 2996 1127 3082 imperant,

128 3101 206 3166 licet
240 3101 299 3163 sub
335 3099 412 3164 alius
441 3099 576 3182 imperio
610 3097 772 3164 constituti
796 3098 970 3183 imperentt
1017 3099 1132 3165 Liberi

130 3223 215 3267 vero
237 3204 471 3284 quodammodo
500 3214 628 3266 suntet
656 3223 721 3266 non
750 3214 835 3266 sunt.
893 3203 976 3266 Nam
1007 3202 1034 3266 si
1064 3225 1131 3267 cam

132 3305 203 3392 quis
221 3303 398 3368 libertatem
414 3305 565 3382 nominet,
589 3322 669 3390 qtrae
686 3327 750 3370 uon
768 3305 809 3368 sit
826 3304 1005 3381 necessitas,
1030 3305 1131 3368 minus

130 3420 218 3474 recte
245 3406 288 3472 ita
312 3404 489 3471 nominasse
515 3406 685 3472 videbitur.
740 3405 888 3492 Cogetur
917 3407 998 3471 enim
1019 3419 1130 3471 neces·-

102 3567 106 3573 ,
133 3512 255 3575 sitatem
290 3530 408 3576 vocare
435 3508 636 3575 servitutem:
670 3510 820 3575 servituri
847 3531 927 3574 vero
954 3510 1129 3575 dominatus

134 3613 259 3698 quidam
283 3634 351 3678 esse
370 3614 484 3689 debet,
523 3611 574 3676 cui
590 3626 625 3677 ut
643 3614 778 3679 servitus
800 3613 914 3677 subsit.
958 3611 1022 3677 Sed
1043 3614 1130 3698 quis·

135 3739 207 3781 nam
230 3729 296 3780 trtm
322 3715 381 3780 erit
404 3716 601 3791 dominatus,
637 3715 686 3779 cni
711 3739 776 3781 non
801 3715 923 3781 service
944 3715 1131 3780 accessesit

135 3820 247 3883 irrmmi
267 3818 312 3882 illi
336 3817 528 3895 necessitati,
553 3839 632 3901 quac
650 3820 724 3883 sola¹
739 3842 799 3903 per
816 3842 851 3882 sc
872 3832 919 3883 est
940 3817 1127 3894 necessaria,

136 3944 206 3987 cum
231 3921 352 4006 reliqua
373 3943 431 4006 per
455 3923 553 4006 ipsam
581 3920 663 3998 sint,
706 3943 863 4006 quamque
887 3925 989 4006 ipsum
1014 3924 1132 3986 bonum
