2728 4758
250 309 310 422 266

250 532 341 596 σαίοι
368 524 427 596 οὐκ
452 531 486 596 έν
510 528 650 620 Περσίδι
671 523 755 649 446444
775 525 835 608 τάς
856 529 1051 622 θυγατέρας
1075 528 1258 624 γαμοῦσιν,

250 629 336 700 ἀλλά
354 638 410 699 καὶ
432 634 464 700 ἐν
485 639 582 700 παντὶ
600 623 755 712 ἔθνει,”
735 656 818 700 οπου
837 627 935 698 64
899 627 1072 714 οικήσωσι,
1089 629 1172 710 τοὺς
1193 633 1256 725 τῶν

249 731 419 856 προγόνων
443 730 667 855 φυλάττοντες
683 728 805 860 νόμους
822 739 878 801 καὶ
902 736 966 802 τῶν
977 733 1171 822 μυστηρίων
1197 729 1258 802 ἀν·

248 839 312 904 τῶν
326 834 386 918 τάς
407 821 546 915 τελετάς
563 834 670 904 Ἀλλά
690 841 745 903 καί
763 834 872 905 πολλά
887 831 1047 966 βάρβαρα
1070 836 1156 920 έθνιγ
1177 861 1258 904 κατ-

222 941 225 950 ’
249 939 399 1026 ελέξαμεν
444 935 520 1005 τάτε
557 936 638 1007 όντα
673 941 706 1007 έν
739 941 943 1031 Μεσημβρίᾳ
973 946 1029 1007 καὶ
1054 934 1165 1014 Λάσει
1201 944 1260 1006 καί

246 1037 411 1138 Ἀνατολῇ
429 1047 484 1108 καὶ
497 1037 630 1134 ’Ἀρκτιρ
638 1093 648 1123 ,
676 1045 846 1110 τουτέστιν
860 1045 899 1108 έν
918 1037 1096 1136 διαφόροις
1112 1042 1260 1129 κλίμασι,

248 1141 294 1231 μι)
309 1149 485 1233 μετέχοντα
495 1139 674 1237 Ἕρμαϊκῆς
693 1139 871 1233 ἐπιστήμης
882 1142 939 1227 52).
966 1140 1095 1226 Πόσοι,
1115 1146 1260 1234 νομίζετε

250 1253 351 1372 σομοὶ
373 1244 488 1339 ἄνδρες
508 1242 702 1366 παρήγαγον
721 1245 798 1327 τοὺς
814 1248 921 1326 κακῶς
941 1252 1105 1372 κειμένους
1125 1243 1261 1336 νόμους,

250 1355 306 1416 καὶ
328 1349 447 1417 ἔθεντο
469 1375 548 1430 τους
573 1348 692 1429 ἰδίους·
715 1356 768 1418 και
776 1346 898 1428 οὐδεὶς
920 1351 983 1418 τῶν
1005 1347 1151 1441 ἀστέρων
1167 1345 1258 1434 ἀπό·

249 1455 322 1522 λεσε
343 1450 382 1520 τὸ
411 1450 495 1522 ἰδίου
518 1454 627 1571 κλίμα.
672 1456 772 1530 Χθὲς
797 1457 830 1520 οἱ
846 1447 1063 1540 Ρωμαῖοι
1023 1479 1081 1536 της
1094 1449 1262 1544 Αραβίας

226 1552 355 1682 ’κρατί
346 1540 473 1675 γσοίντες
496 1558 539 1637 55)
562 1552 639 1634 τοὺς
660 1558 723 1638 τῶν
744 1551 935 1647 Βαρβάρων
956 1551 1116 1644 νόμουςγ
1097 1553 1260 1638 ιγ’λλαξαν·

249 1663 361 1728 ἕπεται
377 1655 458 1749 γάρ
464 1655 502 1724 τὸ
525 1653 801 1744 ἀυτεξοάσιον
757 1684 801 1751 444
827 1654 1033 1751 ἀυτεξουσίῳ.
1081 1655 1128 1726 Τὸ
1149 1661 1185 1725 δὲ
1202 1661 1262 1728 δυ-

248 1757 387 1850 νάμενον
422 1766 535 1830 πείσαι
567 1766 624 1828 κοιλ
654 1757 731 1840 τοὺς
750 1755 922 1838 ,ἀπίστους
953 1755 1144 1850 ἐκθήσομαι
1172 1757 1263 1849 ὑμῖν.

244 1858 411 1932 Ἰουδαῖοι
431 1858 551 1944 πάντες
568 1868 600 1931 οί
615 1860 671 1932 διά
685 1867 832 1942 Μωσέως
852 1859 1020 1951 δεξάμενοι
1040 1859 1159 1952 νόμον,
1181 1861 1262 1944 τοὺς

182 1981 186 1994 ’
247 1970 465 2054 γεννωμένους
478 1965 619 2058 ίίῤῥενας
629 1970 752 2048 παῖδας
770 1969 802 2034 έν
814 1962 915 2062 ὀγδοῇ
929 1962 1038 2058 ἡμέρᾳ
1052 1963 1261 2055 άιμάσσουσι
1332 1969 1336 1974 ’

248 2073 515 2160 περιτέμνοντες,
553 2067 612 2137 οὐκ
641 2067 779 2161 ἀστέρος
810 2071 997 2159 παρουσίαν
1026 2066 1262 2157 ἀναμένοντες,

249 2168 287 2238 οὐ
310 2174 468 2259 κλίματος
482 2172 639 2294 ἐξουσίαν
660 2167 899 2296 ἐκτρεπόμενοι·
906 2165 971 2253 55),
993 2168 1051 2260 οὐχ
1068 2169 1132 2240 6446
1153 2169 1261 2294 4644044

248 2271 427 2367 ἀλλοτρίας
442 2271 554 2366 χώρας
574 2270 746 2402 ἀγόμενοι·
776 2270 888 2342 ἀλλ”
873 2275 934 2342 είτε
953 2277 986 2342 έν
1003 2276 1118 2366 Συρίρι
1139 2273 1264 2364 τυγχά-

247 2401 381 2458 νουσιν,
405 2380 465 2446 ε’ίτε
488 2380 598 2446 ένΓαλ
596 2379 678 2469 λίᾳ,
701 2378 762 2446 ἐίτε
777 2380 810 2446 έν
819 2371 1007 2469 '’144444,
992 2379 1052 2446 είτε
1069 2381 1102 2446 εν
1114 2374 1264 2462 Ἑλλάδι,

247 2476 268 2563 ί)
286 2482 320 2546 έν
325 2479 538 2572 Παρθίᾳ,
524 2476 545 2563 η’
568 2472 652 2548 ὅπου
678 2475 719 2550 ἀν
726 2468 817 2602 ὦσι,
839 2483 937 2548 τοῦτο
958 2482 1121 2552 ποιοῦσιν.
1154 2473 1262 2574 Ὅπερ

248 2579 307 2650 664
333 2585 402 2651 ε’στι
427 2581 514 2650 κατά
536 2587 675 2705 γένεριν·
699 2580 824 2703 οὐγὰρ
850 2579 1009 2653 δύνανται
1032 2580 1152 2664 πάντες
1169 2581 1265 2654 Iov-

239 2689 341 2767 ’δαιοι
361 2687 441 2806 μίαν
462 2690 587 2807 γένεσιν
607 2687 703 2776 ἔχειν·
726 2683 814 2754 ἀλλά
834 2711 889 2754 και
880 2683 980 2780 δι’
962 2713 1089 2810 ιγμερωγ
1103 2684 1187 2755 έπτά
1206 2690 1265 2771 55).

249 2785 369 2868 πάντες
389 2781 473 2858 ὅπου
491 2787 532 2856 ἀν
555 2787 650 2909 ιίγσιν,
682 2786 843 2918 ἀργοῦσιν
863 2791 897 2856 ἐκ
919 2787 1044 2910 παντὸς
1069 2791 1183 2882 ἔργον,
1206 2797 1266 2860 καὶ

249 2888 324 2958 ὀάτε
347 2887 538 2972 ὁδεύουσιν,
561 2888 636 2960 όότε
655 2899 734 2984 πυρί
752 2894 913 2984 χρῶνται·
946 2888 1020 2961 όάτε
1041 2888 1262 2980 ἀναγκάζει
1244 2921 1264 2976 η

248 2999 372 3080 γένεσις
395 2943 566 3062 Ἰουδαῑίιν
594 2991 670 3064 ἀότε
694 2997 805 3064 κτίσαι
837 2992 944 3077 όῖκον,
975 2991 1026 3067 ,οὐ
1054 2999 1265 3084 καταλῦσαι,

249 3093 309 3166 οὐκ
335 3092 572 3186 ἐργάσασθαι,
620 3095 658 3166 οά
688 3101 849 3182 πολῆσαι,
886 3096 947 3166 οὐκ
982 3093 1150 3190 ἀγοράσαι
1188 3106 1266 3178 ταῖς

248 3195 388 3291 ἡμέραις
414 3203 474 3268 τοῦ
495 3196 702 3290 Σαββάτου,
739 3203 795 3268 καί
823 3226 876 3268 τοι
909 3204 942 3270 έν
970 3204 1008 3297 τῇ
1038 3198 1124 3296 ἀυτῇ
1152 3196 1267 3294 ἡμέρᾳ

249 3299 433 3388 γεννώντων
451 3299 643 3386 Ἰουδαίων,
665 3310 720 3370 καί
741 3308 960 3393 γεννωμένων,
990 3311 1047 3372 καί
1065 3301 1265 3386 νοσούντων,

249 3412 305 3472 καί
330 3402 629 3490 ἀποθνησκόντων·
653 3408 759 3474 ταῦτα
777 3403 845 3532 ’γὰρ
868 3403 927 3474 οὐκ
951 3407 999 3484 ἔτι
1014 3411 1082 3477 ἐστὶ
1103 3409 1164 3474 τοῦ
1181 3404 1267 3476 ἀυτ-

236 3510 419 3592 εξονσίου.
454 3506 509 3576 Ἐν
542 3512 581 3603 τῇ
602 3509 717 3600 Συρία
742 3516 798 3578 καί
820 3534 853 3576 εν
873 3511 912 3603 τῇ
930 3505 1135 3605 Ὀσροηνῇ’
1115 3507 1265 3578 απεκόπ-

249 3637 346 3678 τοντο
380 3616 497 3682 πολλοι
531 3614 569 3706 τι)
597 3607 690 3680 Ιέα
734 3620 789 3680 καὶ
818 3639 852 3680 εν
885 3607 989 3705 τούτῳ
1024 3615 1086 3706 μία
1125 3613 1214 3707 ῥοπῆ
1246 3610 1267 3682 6

250 3712 478 3801 44444464'44
476 3719 603 3805 θγαρος
640 3718 782 3784 ἐκέλευσε
812 3719 875 3784 τῶν
906 3713 1181 3805 ἀποκοπτομένων
1222 3712 1267 3784 τά

251 3816 364 3908 ἀιδοια
393 3813 650 3908 ἀποκόπτεσθαι
680 3827 736 3886 καὶ
766 3816 836 3902 τάς
853 3828 984 3922 χεῖρας·
1028 3828 1083 3886 καὶ
1121 3823 1155 3886 ἐκ
1187 3814 1267 3888 τότε

240 3899 358 4000 Ιοὐδεὶς
380 3909 574 4014 άπεκόιματο
598 3925 687 4016 4'444}
703 3920 870 4018 '440000446
920 3926 959 3992 Τί
980 3927 1049 3990 δεέ
1048 3926 1168 4026 ροῦμεν
1187 3929 1268 4014 περὶ
