2758 4760
247 381 307 442 168

243 542 346 628 ἀυτῆς
367 545 461 613 ἔσται
483 543 648 650 διανοίας,
676 542 804 629 μόλλον
822 546 857 610 δὲ
878 537 994 663 ιίνοίας
1010 547 1066 610 καί
1085 543 1150 610 τῶν
1167 538 1248 610 666-

241 673 307 738 γων
325 645 414 730 ζώων
430 645 490 729 τὴν
508 646 627 734 γνῶσιν
646 641 874 736 παραβάλλειν
891 643 979 766 μρὸς
997 643 1058 728 τὴν
1076 641 1249 766 ἡμετέραν,

241 747 509 840 μεταδιδόναι
474 753 509 817 δ
527 749 688 844 κακείνοις
708 750 766 832 τῆς
784 744 991 842 ἀντιλήψεως
1009 749 1072 816 τῶν
1090 745 1248 817 καθόλου

241 861 297 922 καὶ
318 856 382 920 τῶν
403 853 535 934 νοητῶν.
569 842 676 932 Ὅλως
695 853 746 932 δὲ,
769 853 797 916 ἐι
813 853 905 918 πᾶσα
922 847 1048 940 ἀνάγκη
1066 853 1131 920 τῶν
1145 848 1249 920 όντων
1303 851 1306 858 '

241 953 399 1025 ἁπάντων
409 951 537 1032 ἇιτίους
558 957 641 1021 ε’ῐναι
661 951 738 1032 τοὺς
756 950 920 1037 θεοὺς,’
899 955 1158 1043 ηπροςαιτίους,
1180 955 1250 1033 πῶς

241 1056 282 1127 ίίν
300 1059 369 1147 έγοι
389 1053 488 1144 λόγον
511 1054 532 1139 6
553 1053 682 1143 ἀγνοεῖν
709 1052 830 1136 ἆυτοός
850 1054 895 1124 τό
919 1054 1023 1124 οἰκεῖα
1044 1053 1250 1180 γεννήματα,

238 1158 317 1248 ἢτὰ
335 1163 400 1246 τῷν
421 1156 547 1252 οἰκείων
566 1155 774 1246 γεννημάτων
792 1157 1101 1281 ἀποτελέσματα
1054 1212 1064 1242 ,
1087 1157 1109 1242 6
1130 1158 1174 1228 τὰ
1193 1157 1246 1228 ὑπ
1290 1165 1294 1172 ’

241 1267 368 1334 ἐκείνων
391 1260 475 1366 καθ’
506 1259 577 1332 ὁῑον
588 1259 718 1354 δήποτε
745 1258 869 1355 τρόπον
892 1259 1064 1384 γινόμενα,
1101 1291 1122 1346 η
1143 1289 1250 1356 ωςπερ

240 1363 374 1438 66666’³
354 1370 468 1446 αυτοῖς
489 1361 733 1485 προςηκόντων,
763 1362 878 1434 0666'
824 1362 907 1434 6666
935 1362 1049 1446 ἆυτοϊς
1080 1370 1249 1455 κειμένων,

239 1467 470 1586 οἷμφίβολον”
451 1495 532 1558 εγειν
549 1466 608 1551 την
628 1470 763 1555 γνῶσιν,
784 1494 847 1536 κατ
877 1464 1104 1562 ουδετερας
1068 1473 1104 1538 δ
1122 1465 1249 1538 τούτοιν

238 1569 432 1642 ὑποθέσεων
464 1575 695 1693 ἐπιμελεῖσθαί
730 1569 808 1651 ’τοὺς
836 1569 941 1651 θεοὺς
968 1575 1032 1641 τῶν
1058 1579 1131 1665 περὶ
1159 1568 1249 1660 ἡμᾶς

238 1673 389 1758 δυνατόν,
410 1672 497 1744 κατὰ
511 1673 569 1743 τὸν
586 1680 684 1778 θεοῖς
695 1675 725 1756 ⁷)
719 1699 943 1795 προςηκοντα
957 1671 1081 1796 τρόπον
1095 1676 1153 1758 τῆς
1163 1701 1247 1767 προ-

238 1780 340 1858 νοίας.
389 1781 495 1850 Τοῦτο
518 1780 586 1845 δέ
570 1797 658 1846 εστιν
676 1774 729 1848 ἀπ’
749 1774 852 1870 ἀυτῆς
872 1779 931 1860 τῆς
951 1775 1067 1856 οὐσίας
1085 1803 1149 1846 των
1152 1804 1250 1900 μρο-
1333 1779 1334 1784 ’

236 1886 420 1972 νοουμένων
437 1885 654 1969 ποιουμένους
665 1876 775 1949 ἆυτοίν
790 1878 850 1974 τὴν
864 1883 1058 1970 ἐπιμέλειαν,
1073 1887 1129 1948 καὶ
1144 1874 1249 1970 όίςπερ

236 1989 271 2055 ἐκ
288 1981 435 2084 πρύμνης
452 1980 517 2064 ⁸³)
498 2009 584 2056 αυτα
571 1980 941 2074 διακοσμοῦντος,’
905 2010 943 2052 ου
961 2009 1007 2052 τω
987 1979 1250 2078 βουλεύεσθαι

236 2094 311 2180 περὶ
329 2085 455 2168 ἀυτῶν,
478 2085 520 2168 ὡς
536 2091 567 2154 οἱ
583 2093 720 2169 ποιηταὶ
737 2090 906 2175 λέγουσιν,
927 2055 1031 2162 ἐνδέια
1049 2084 1113 2180 γὰρ
1131 2083 1250 2177 6606

238 2196 349 2270 λευσις
371 2187 577 2283 φρονήσεως,
606 2187 682 2263 οὐδὲ
704 2217 749 2283 τω
734 2188 889 2262 ἄλλοτε
913 2188 997 2262 ἄλλο
1020 2187 1249 2278 βουλεύεσθαι

237 2300 293 2368 καί
314 2301 436 2378 ποιεῖν,
466 2290 642 2413 ἀλλότριον
662 2290 749 2414 γὰρ
753 2296 852 2362 τοῦτο
874 2295 932 2378 τῆς
954 2295 1034 2382 μιᾶς
1062 2301 1118 2363 καί
1140 2291 1250 2380 ἁπλῆς
1305 2347 1306 2354 1

236 2405 293 2470 καὶ
314 2395 476 2489 ἀτρέπτου
499 2393 712 2466 παντάπασιν
729 2392 837 2466 ἀυτῶν
859 2398 1036 2522 ἐνεργείας,
1059 2403 1115 2466 και
1130 2391 1252 2486 μόνοις

235 2503 398 2589 πρυςηκον
434 2506 504 2578 τοῖς
537 2495 602 2578 ὑπὸ
631 2495 755 2604 χρόνον
784 2505 1032 2625 μετρουμένοις,
1079 2508 1136 2578 καί
1162 2499 1249 2591 μετὰ

234 2608 455 2697 προαιρέσεως
483 2599 543 2681 τὰς
570 2604 729 2694 ἐνεργείας
757 2607 985 2690 ποιουμένοις,
1033 2599 1103 2676 ἄλλ
1138 2599 1251 2698 ἇυτῶ,

232 2730 340 2826 ιγμσι,
373 2708 418 2798 τῷ
442 2707 546 2786 ἐῐναι,
570 2701 778 2826 καθάπερ
762 2732 780 2772 ο
808 2697 904 2786 ηλιος
933 2703 970 2774 06
980 2685 1248 2795 Ιβουλευόμενος,

235 2805 312 2878 οὐδὲ
332 2803 539 2898 κινούμενος,
560 2804 648 2880 6666
665 2811 711 2874 τιῦ
738 2811 821 2882 ἐιναι
842 2815 898 2883 καί
919 2805 969 2876 ἆεί
989 2814 1096 2898 μένειν
1117 2813 1249 2894 ἐπινοη-

186 2901 189 2907 ’
233 2917 329 2992 θείς,
348 2915 479 3032 πληροῖ
492 2909 537 2978 τό
556 2879 706 3001 μετέγειιίΙ
722 2907 885 3031 δυνάμενα
904 2915 964 2980 τοῦ
980 2909 1102 2982 οἰκείου
1124 2910 1248 3007 φωτός.

229 3010 382 3084 θύετ’
342 3039 401 3082 ουν
415 3011 475 3096 τὴν
488 3010 649 3108 πρόνοιαν
667 3012 775 3084 ἀυτῶν
794 3011 880 3087 όότω
898 3016 1078 3102 γίγνεσθαι
1092 3014 1248 3104 δυνατὸν,

233 3113 308 3186 ὀότε
330 3114 369 3184 τὸ
392 3113 553 3207 ε’όγεσθαι
578 3124 634 3194 καί
655 3114 805 3192 ἱκετεύειν
827 3114 949 3198 ἆυτοίις
968 3113 1049 3211 ὑπὲρ
1070 3115 1167 3189 ὑετοῦ
1189 3146 1247 3190 τυ
1269 3175 1272 3182 ,

229 3217 308 3317 γὸν,
342 3217 362 3310 6
388 3223 551 3348 σωτηρίας
583 3224 784 3314 καρπῶν,η
768 3217 917 3304 νίκης,
953 3212 996 3290 ὧν
1021 3218 1080 3305 τὴν
1109 3223 1247 3309 ἔκβασιν

232 3321 407 3410 ἀγνοοῦσι,
440 3321 553 3418 πόρῥω
572 3322 612 3394 όίν
635 3323 857 3414 ἐμπληξίας”
830 3351 887 3406 ειη.
926 3321 976 3392 Ει
1004 3328 1040 3396 66
1059 3327 1166 3393 ταῦτα
1188 3331 1247 3396 καὶ

231 3422 382 3496 ἀδύνατα
407 3434 463 3499 καί
488 3424 562 3500 όότε
579 3431 703 3514 λέγειν,
728 3423 803 3496 όότε
830 3431 1046 3496 διανοεῖσθαι
1069 3421 1165 3510 ίίσια,
1187 3435 1245 3496 καί

230 3526 283 3598 όπ
309 3526 412 3612 ἀυτῆς
434 3528 627 3620 ἐλεγχόμενοι
653 3531 711 3611 τῆς
735 3531 870 3622 πείρας,
903 3527 945 3610 ὡς
968 3535 1004 3598 αί
1027 3527 1245 3656 πολόστμιγοι

229 3631 295 3701 τῶν
315 3635 419 3702 θείων
437 3635 600 3726 ἐνεργειῶν
620 3637 854 3756 πρμγματεῐαι
861 3639 916 3708 καὶ
938 3630 981 3700 τοί
997 3631 1118 3703 καθ’
1104 3630 1246 3716 ,εκάστην

231 3730 275 3815 ὡς
300 3738 399 3808 έιπεῑυ
424 3732 551 3828 ἡμέραν
585 3730 763 3858 γιγνόμενα
796 3741 867 3814 τοῖς
903 3732 1091 3830 ε’φιστοίνειν
1127 3732 1244 3816 ἇυτοῐς

231 3841 423 3927 δυναμένοις
440 3843 470 3918 ⁹)
492 3839 708 3926 σημαίνουσι,
730 3830 902 3924 δηλονότι
918 3845 974 3906 καὶ
995 3834 1245 3909 διατάττεσθαι

229 3936 293 4016 ὑπὸ
319 3943 383 4022 τῶν
411 3943 504 4018 θεῶν
535 3938 578 4012 τὰ
610 3937 801 4030 ἐνδεχόμενα
832 3941 946 4033 ῥητέον
971 3948 1027 4016 καὶ
1056 3936 1244 4035 ὡρισμένως
