2728 4758
279 389 340 454 188

263 551 385 647 Ἔργον
407 556 442 622 δέ
464 548 559 620 οῦδὲν
580 546 659 631 τῶν,
682 537 746 618 ῦσσ
768 545 861 645 ψυχὴ
883 544 1062 642 ἐργάζεται,
1083 545 1176 642 παρά
1198 545 1276 620 τοί·

271 681 336 724 τιον
364 652 404 724 ῦν
432 656 577 742 γίνοιτο·
622 648 692 720 ἁλλ’
722 649 780 745 ἄρ’
814 654 927 745 ἑτέρας
958 655 1011 720 δεῖ
1034 653 1141 724 ταῦτα
1176 649 1281 745 ῦρχῇς

271 784 365 830 ιεναι.

693 1025 798 1133 Ἀ.

328 1165 415 1239 Ἀλλ’
430 1163 497 1262 ῦίρα
506 1170 568 1258 μία
580 1194 629 1248 τις
639 1163 731 1262 ψυχὴ
747 1166 804 1236 διά
818 1166 942 1252 παντὸς
957 1164 1118 1252 διήκουσα
1130 1135 1288 1290 περαίνει

175 1293 177 1298 ·
250 1267 378 1342 Ιτά
333 1298 460 1355 παντα,
482 1267 622 1340 ἑκάστου
644 1268 747 1366 ταῦτη
762 1275 957 1359 κινουμένου
967 1262 1177 1393 μέρουςῇ
1143 1298 1183 1339 το
1198 1264 1281 1340 ῦλοκ

269 1376 343 1463 άγει
361 1379 406 1459 ¹);
445 1377 692 1467 Φερομένιινδὲ
678 1376 838 1452 ὲέκεῐθεν
861 1377 923 1442 τῶν
941 1370 1054 1444 άιτίων
1076 1369 1281 1444 άκολοῦδων

269 1477 396 1567 ἀνάγκη
421 1475 496 1570 τὴν
510 1472 634 1545 τοῦτον
666 1476 780 1569 ἐφεξῆς
810 1480 976 1565 συνέχειαν
1004 1483 1059 1544 καὶ
1085 1475 1281 1566 συμπλοκὴν

269 1586 465 1673 ἑιμαρμένην
480 1580 511 1659 2)
530 1575 601 1646 ὁῖον
615 1581 645 1646 ἐι
662 1581 769 1671 φυτοῦ
787 1581 821 1645 ἐκ
835 1580 924 1670 ῥίζης
941 1577 1000 1664 τὴν
1017 1575 1120 1672 άργὴν
1136 1581 1280 1668 έγοντσς,

268 1685 328 1768 τὴν
349 1682 503 1754 ἐντεῦθεν
524 1684 576 1750 ἐπὶ
595 1677 705 1750 πάντα
730 1683 891 1764 διοίκησιν
913 1678 1016 1763 άυτρῦ
1035 1681 1079 1749 τά
1092 1687 1196 1774 μέρη,
1220 1691 1278 1750 καί

267 1786 352 1879 πρὸς
376 1785 504 1868 ῦίλληλα
530 1781 737 1872 συμπλοκὴν,
772 1781 903 1867 ποίησίν
927 1790 1039 1852 τεκαὶ
1063 1791 1170 1853 πεῖσιν
1192 1787 1278 1854 διοί-

268 1913 363 1973 κησιν
386 1891 467 1978 μίαν
493 1893 549 1958 καὶ
578 1881 650 1955 ὁῑον
675 1890 870 1979 ἑιμαρμένην
897 1889 957 1958 τοῦ
982 1890 1091 1981 φυτοῦ
1118 1893 1169 1966 τὶς
1184 1891 1278 2008 ε’ῑναι

167 2061 173 2074 ,
268 1998 367 2079 λέγοι.
392 1988 498 2060 Αλλῦι
511 1992 640 2081 πρῶτον
654 2019 678 2077 μ
679 1993 823 2059 ἐντοῦτο
837 2015 876 2058 το
863 1987 1096 2084 σφοδρὸν
1056 2015 1114 2072 της
1129 1985 1277 2077 άνάγκης

267 2103 324 2165 καί
341 2095 398 2177 τὴς
410 2091 565 2176 τοιαῦτης
583 2097 794 2192 ἑιμαρμέυης,
826 2089 909 2163 ὄιυτὸ
927 2096 1025 2162 τοῦτο
1044 2090 1103 2175 τὴν
1073 2095 1276 2186 γέιμαρμέ-

238 2244 241 2250 .
266 2223 325 2282 νην
343 2199 476 2267 καὶτῶν
492 2194 605 2266 σίιτίων
627 2193 685 2264 τὸν
698 2194 811 2288 έιρμῦν
824 2202 881 2264 καὶ
894 2192 953 2278 τὴυ
968 2185 1199 2283 συμπλοκὴν
1178 2223 1277 2265 αναι·

267 2309 325 2394 ρεῐ.
343 2298 404 2380 Ὡς
418 2298 482 2392 γάρ
500 2303 533 2366 ἐν
551 2305 620 2378 τοῖς
633 2295 802 2390 ἡμετέροις
814 2303 927 2392 μέρεσι
941 2295 1029 2365 κατά
1043 2295 1081 2365 τὸ
1094 2293 1278 2387 ἡγεμονοῦν

266 2409 485 2492 κινουμένοις,
517 2399 640 2490 ῦίλογον
661 2399 699 2468 τὸ
721 2397 802 2469 καθ’
831 2403 1026 2492 ἑιμαρμένην
1053 2406 1157 2489 λέγειν
1178 2409 1278 2472 κινεῖ·

267 2513 375 2590 σθαι,
399 2503 451 2588 (οῦ
463 2499 527 2596 γὰρ
543 2503 625 2572 ἄλλο
639 2512 700 2591 μέν
714 2502 752 2572 τὸ
767 2501 940 2582 ἐνδεδωκὸς
953 2501 1166 2590 τὴνκίνησιν,
1191 2506 1276 2575 ἀλλο

266 2615 302 2680 δὲ
323 2607 361 2678 τὸ
382 2604 647 2701 παραδεξάμενον
663 2613 719 2674 καὶ
737 2604 811 2698 παρ’
833 2604 937 2675 άντοῦ
954 2609 993 2702 τῇ
1012 2603 1097 2702 ὁρμῇ
1119 2614 1275 2700 κεχρημέ-

264 2739 340 2794 νον,
361 2708 430 2778 666³
453 2715 552 2778 έκεῖνο
571 2712 639 2776 ἐστὶ
656 2711 785 2798 πρῶτον
801 2707 839 2776 τὸ
857 2711 994 2790 κινῆσαν
1013 2707 1050 2778 τὸ
1070 2715 1198 2793 σκέλος)
1217 2710 1276 2780 τὸν

265 2813 367 2884 άυτὸν
388 2809 511 2906 τρόπον
535 2813 561 2878 ἐι
588 2817 644 2880 καὶ
666 2814 717 2880 ἐπὶ
741 2816 799 2880 τοῦ
823 2810 947 2892 παντὸς
971 2808 1006 2882 ’έν
1026 2813 1119 2882 ἔσται
1144 2812 1184 2882 τὸ
1207 2818 1276 2886 πᾶν

264 2918 381 2988 ποιοῦν
398 2922 455 2984 καί
475 2911 617 3004 πάσχον,
640 2921 697 2982 καί
718 2911 777 2983 σῦκ
792 2910 874 3002 ἄλλο
884 2913 967 3042 παρ’
991 2913 1111 2997 ἄλλου,
1132 2943 1196 2984 κατ
1221 2916 1275 2988 άι·

264 3022 337 3099 τίας
351 3017 409 3102 τὴν
426 3016 599 3106 άναγιιγὴν
614 3016 664 3086 ἀεὶ
682 3015 731 3112 ἐφ’
752 3021 862 3110 ἕτερον
877 3015 1023 3106 ἐχοίσας.
1072 3017 1118 3087 06
1133 3018 1175 3103 δὴ
1190 3018 1274 3106 άλη-

264 3129 330 3204 θές
351 3119 420 3190 κατ’
445 3119 554 3200 άιτίας
572 3119 613 3188 τά
635 3117 744 3188 πάντα
766 3122 962 3207 γίγνεσθαι,
983 3117 1087 3190 οίλλἐι
1071 3124 1213 3192 ενέσται
1230 3123 1275 3192 τά

168 3243 171 3248 “
263 3223 393 3306 πάντα,
417 3215 493 3302 ῦίςτε
516 3220 590 3292 ῦῦτε
611 3219 722 3310 ἡμεῖς,
745 3219 820 3290 ὀῦτε
837 3247 869 3289 τι
884 3219 1040 3344 ἡμέτερον
1058 3225 1171 3348 ἔργον,
1193 3225 1273 3298 οῦδὲ

263 3323 513 3417 λογιζόμεθα’
494 3333 605 3408 αυτοὶ,
644 3321 713 3392 άλλ
749 3327 858 3416 ἑτέρου
887 3325 1044 3414 λογισμὸς
1063 3326 1106 3396 τά
1127 3326 1273 3424 ἡμέτερα

263 3427 491 3520 βουλεύματα,
513 3426 588 3497 οῦδὲ
574 3423 794 3516 ἐπράττομεν
816 3423 923 3520 ἡμεῖς,
946 3421 1047 3522 ιὶίςπερ
1066 3429 1141 3502 οῦδὲ
1127 3439 1195 3500 ὲοί
1209 3432 1273 3504 πό

263 3539 316 3614 δες
330 3534 546 3615 λακτίζουσιν,
562 3525 664 3598 666‘
646 3536 738 3618 ἡμεῖς
749 3527 806 3598 διὰ
815 3534 962 3623 μερῶν
935 3535 998 3602 τῶν
1013 3536 1145 3605 ἑαυτῶν.
1163 3532 1272 3606 Ἀλλά
1355 3601 1357 3634 ,

199 3693 201 3700 ,
261 3635 326 3766 γὰρ
338 3641 394 3710 δεῖ
406 3643 462 3705 καί
477 3639 615 3704 ἕκαστον
629 3638 767 3704 ἕκαστον
782 3638 875 3716 ε’ῐναι,
898 3642 954 3702 καὶ
952 3633 1099 3728 πράξεις
1108 3635 1273 3732 ἡμετέρας

261 3749 318 3810 καὶ
321 3735 525 3888 διανοίας
511 3733 730 3833 υποίρχειν,
720 3743 775 3804 καὶ
793 3735 851 3818 τὰς
868 3735 1006 3806 ἑκάστου
1025 3736 1129 3820 καλάς
1155 3769 1188 3810 τε
1212 3751 1271 3812 καί

1354 3701 1357 3802 6
