2758 4760
264 391 323 454 128

397 519 403 546 χ
668 507 675 522 .

259 555 480 682 συμβεβηκός
502 557 550 626 ἔτι
570 555 635 649 γάρ
657 555 742 626 κατὰ
765 552 1009 645 συμβεβηκὸς
993 584 1011 622 ο
1034 553 1149 648 ἰατρὸς
1169 580 1264 636 ποιη·

259 662 351 742 τικόν
386 659 576 751 ἰσχνότητος
604 665 682 754 (γέρε
711 663 810 728 έιπεῐν
838 661 929 741 ¹⁰)
915 659 956 728 άν
987 661 1039 752 τῷ
1064 653 1265 784 ύγιαζὸμενιρ

258 769 356 834 τοῦτο
378 795 397 860 η
386 761 635 884 ’συμβεβηκός
674 759 763 831 Επεὶ
784 765 893 838 τοίνυν
915 765 984 830 ἐστι
1005 765 1073 838 τῶν
1089 759 1202 830 άιτίων
1223 763 1267 829 τὰ

259 877 319 956 μέν
285 865 422 936 έκαθ
447 865 549 948 άυτὰ,
577 864 676 934 τὰδὲ
663 863 787 934 ἑκατά
808 863 1029 954 συμβεβηκὸς,
1065 872 1121 933 καὶ
1144 869 1177 932 ἐν
1198 870 1268 944 τοῖς

260 1077 294 1141 έν
315 1080 385 1153 τοῖς
412 1071 499 1140 κατά
520 1069 725 1160 συμβεβηκὸς
746 1069 786 1140 ἂν
808 1075 870 1155 έίη·
903 1069 946 1138 τά
964 1079 1024 1158 μέν
1045 1069 1109 1162 γάρ
1132 1066 1270 1162 ὡρισμέ-

261 1203 304 1246 να
326 1174 364 1244 ού
387 1174 474 1244 κατὰ
495 1175 699 1264 συμβεβηκὸς
715 1173 756 1244 ύίν
770 1177 832 1258 ε’ίη·
855 1171 897 1242 τά
912 1178 946 1243 δὲ
962 1171 1049 1242 κατὰ
1064 1171 1271 1262 συμβεβηκὸς

258 1277 403 1372 ,ἀόριστα
425 1306 459 1348 τε
474 1286 529 1348 καὶ
544 1277 695 1361 ύίστατα,
719 1275 834 1348 ὁποῖον
856 1284 911 1346 καὶ
932 1275 971 1344 τὸ
992 1279 1051 1359 τῆς
1072 1272 1171 1364 τύχης
1185 1277 1271 1344 έῖναι

260 1387 355 1476 φιλεῖ
359 1399 366 1416 ·
400 1378 543 1474 ἀόριστα
571 1380 635 1474 γάρ
657 1381 701 1449 τὰ
722 1385 768 1475 τῷ
790 1378 871 1449 καθ’
896 1378 987 1450 ἆυτύ
1001 1386 1057 1449 καὶ
1078 1383 1195 1471 κυρίως
1217 1377 1272 1448 ἄν

260 1487 318 1578 τίιμ
341 1490 580 1574 συμβεβηκέναι
609 1480 776 1572 δυνάμενα
801 1477 950 1565 ἅπαντα,
986 1490 1041 1552 καὶ
1070 1480 1157 1552 άυτύι
1183 1487 1275 1552 κατὰ

263 1586 469 1676 συμβεβηκὸς
491 1585 582 1656 σἰίτια
603 1590 757 1676 γίγνεται.
795 1582 883 1657 Ἀλλ’
907 1589 935 1654 έι
956 1586 1043 1656 κατὰ
1064 1584 1274 1677 συμβεβηκὸς

259 1687 368 1770 ,άίτιον
389 1687 409 1774 ἡ
432 1687 528 1778 τύχη,
565 1695 617 1758 δεῖ
640 1717 706 1760 τινι
734 1693 936 1784 τῶνκνρίυς
957 1688 1071 1760 άιτίων
1092 1695 1275 1816 λεγομένοιν

253 1789 365 1877 Ισίντην
388 1797 641 1913 συμβεβηκέναι.
678 1790 812 1863 ΗΕπεὶ
797 1797 853 1863 οῦν
882 1799 974 1864 δοκεῖ
996 1792 1167 1877 ποιητικὸν
1189 1793 1275 1862 έῐναί
1372 1859 1374 1874 ⁴

261 1921 398 1978 τινοςη
388 1893 506 1985 γτύχη
496 1894 593 1980 γ(τά
622 1894 686 1986 γάρ
715 1895 803 1966 κατά
830 1894 928 1992 τύχην
956 1895 1022 1966 άπὸ
1055 1893 1155 2015 τύχης
1185 1902 1275 1990 φασὶ

261 2000 438 2086 γίγνεσθαί
472 2026 506 2069 τε
535 2007 590 2068 καὶ
616 2006 782 2121 γεγομέναι
795 2004 823 2082 ,)
859 2003 923 2070 τῶν
950 2002 1126 2084 ποιητικῶν
1158 1996 1275 2069 ἆιτίων

263 2107 327 2170 τινὶ
341 2104 446 2170 ταῦτα
460 2098 616 2224 ὑπάρχειν
629 2100 771 2225 ἀνάγκη,
785 2107 848 2226 ἐίγε
867 2101 1053 2204 φυλάξει
1020 2131 1058 2186 τη
1060 2129 1078 2172 ν
1048 2129 1197 2195 χωραν
1208 2105 1275 2170 τῶν

264 2201 387 2274 άιτίων.
403 2202 508 2274 Αλλά
521 2206 586 2295 μὴν
600 2205 643 2274 τά
656 2210 773 2327 κυρίως
788 2205 879 2276 άίτιοι
892 2204 1046 2290 ποιητικά
1057 2204 1158 2301 φύσις
1173 2211 1275 2274 τεκαὶ

262 2313 356 2396 τέχνη
378 2334 435 2375 και
454 2311 659 2400 προαίρεσις
694 2306 803 2379 πάντα
827 2308 972 2402 μὲνγὰρ
995 2307 1037 2378 τά
1058 2311 1178 2402 κυρίως
1197 2305 1276 2402 ὡρι-

262 2415 367 2498 σμένα
388 2415 430 2493 ¹¹)
452 2410 608 2494 ποιητικά
619 2465 627 2495 ,
650 2409 741 2481 ἕνεκά
761 2434 850 2493 τινος
871 2419 985 2493 τέλους
1006 2411 1048 2481 τὰ
1068 2410 1151 2504 πρὸς
1165 2409 1276 2488 ἆντῶν

262 2510 440 2604 γιγνόμενοι
471 2523 566 2585 ποιεί.
605 2511 754 2608 Ὃρῶμεν
781 2520 817 2584 δέ
844 2512 954 2585 πάντα
983 2513 1025 2584 τά
1052 2541 1141 2594 τινος
1170 2519 1277 2584 ἕνεκεν

264 2614 457 2708 γιγνόμενοι,
492 2616 557 2688 ύπὸ
579 2614 703 2687 τούτων
723 2615 898 2708 γιγνόμενά
919 2637 1027 2699 τινος·
1060 2615 1185 2688 τούτων
1207 2617 1276 2708 ἄρα
1310 2695 1315 2702 ‚

264 2727 332 2802 ,τινὶ
354 2725 555 2810 συμβέβηκεν
576 2717 596 2804 ἡ
618 2718 708 2811 τύχη.
746 2719 835 2790 Ἐπεὶ
856 2726 892 2790 δὲ
914 2727 1006 2791 δοκεῖ
1023 2726 1056 2792 έν
1073 2729 1141 2802 τοῖς
1155 2748 1277 2814 προαι·

265 2830 406 2915 ρετικοίς
429 2828 510 2892 έῑναι
533 2821 576 2892 τά
597 2823 683 2894 κατὰ
704 2821 823 2914 τύχην,
856 2828 975 2907 (ταῦτα
1002 2825 1066 2917 γάρ
1089 2823 1156 2894 άπὸ
1178 2821 1279 2914 τύχης

264 2928 445 3048 γίγνεσθαι
461 2935 580 3022 φασιν,
604 2919 646 2996 ὧν
662 2924 760 3056 χάριν
782 2926 842 3020 κάν
863 2925 1090 3021 προελοίμεθά
1104 2954 1136 2996 τι
1153 2930 1278 3019 πραξαι

264 3027 349 3123 πρὸς
370 3027 409 3098 τὸ
433 3038 539 3121 τυχεῖν
559 3029 684 3114 άντῶν,
706 3028 755 3125 έφ
780 3023 823 3100 ὧν
845 3030 903 3114 τὴν
874 3034 1067 3121 γέυτυχίαν
1082 3031 1271 3120 λέγομεν,
1247 3028 1278 3134 η’

266 3131 350 3226 πρὸς
372 3130 410 3201 τὸ
430 3163 493 3222 μη
499 3126 686 3228 πρᾶξαι,
661 3161 704 3203 ων
724 3159 784 3217 την
806 3138 981 3224 δυστυχίαν
1001 3137 1278 3227 κατηγοροῦμεν)

267 3238 316 3320 ε’ίη
338 3232 379 3304 άν
399 3265 420 3319 η
444 3233 523 3365 τύχη
544 3244 615 3316 τοῖς
635 3234 722 3305 κατά
752 3240 944 3360 προαίρεσιν
970 3244 1173 3327 γιγνομένοις
1200 3234 1278 3306 έπύ

265 3365 378 3429 μενον,
411 3345 466 3408 καὶ
488 3342 521 3409 έν
542 3335 673 3419 τούτοις
695 3336 787 3407 ἆιτία
809 3338 894 3408 κατὰ
924 3338 1138 3430 συμβεβηκός.
1171 3334 1279 3410 Ὅταν

265 3440 331 3534 γάρ
352 3437 535 3536 πράττουσί
567 3467 598 3511 τι
626 3439 713 3510 κατὰ
734 3445 924 3536 προαίρεσιν
945 3441 1022 3568 ημῖν
1045 3439 1217 3538 ἆπαντύση
1232 3443 1280 3533 ιιὴ

265 3542 305 3612 τὸ
325 3548 536 3638 προκείμενον
557 3551 650 3625 τέλος
678 3543 764 3613 κατά
792 3543 852 3630 τὴν
883 3550 1096 3638 προαίρεσιν,
1131 3544 1215 3616 άλλο
1245 3551 1283 3616 δέ

266 3674 300 3718 τι
320 3647 407 3717 κατὰ
429 3645 636 3738 συμβεβηκὸς
656 3653 804 3737 γένηται,
825 3646 846 3734 η
870 3648 955 3718 κατὰ
976 3653 1167 3743 προαίρεσιν
1187 3675 1281 3736 γενο-

266 3755 346 3842 μένη
367 3752 485 3839 πρᾶξις
507 3748 599 3819 άιτίοι
620 3754 680 3820 τοῦ
703 3749 955 3836 ἀπαντήσαντος
975 3763 1050 3844 μέν,
1086 3751 1125 3822 ού
1147 3780 1282 3846 προκει-

265 3858 365 3944 μένου
403 3856 448 3922 δέ.
501 3858 649 3944 Λέγομεν
681 3859 716 3924 δὲ
746 3858 843 3926 τοῦτο
871 3853 937 3925 ἀπὸ
965 3854 1063 3947 τύχης
1090 3861 1280 3945 γεγονέναι·

265 3959 312 4050 τῷ
333 3983 367 4025 τε
389 3953 453 4048 γάρ
476 3954 654 4028 σκύπτοντι
694 3957 779 4028 κατά
811 3961 1012 4052 προαίρεσινΙ
1030 3962 1090 4032 τοῦ
1118 3962 1285 4055 φυτεῦσαι
