<?xml version="1.0" encoding="UTF-8"?>
<!DOCTYPE html PUBLIC "-//W3C//DTD XHTML 1.0 Transitional//EN"
    "http://www.w3.org/TR/xhtml1/DTD/xhtml1-transitional.dtd">
<html xmlns="http://www.w3.org/1999/xhtml" xml:lang="en" lang="en">
 <head>
  <title>
</title>
<meta http-equiv="Content-Type" content="text/html;charset=utf-8" />
  <meta name='ocr-system' content='tesseract 3.04.00' />
  <meta name='ocr-capabilities' content='ocr_page ocr_carea ocr_par ocr_line ocrx_word'/>
</head>
<body>
  <div class='ocr_page' id='page_1' title='image "./alexandriaphrod00bardgoog_0162.png"; bbox 0 0 2758 4760; ppageno 0'>
   <div class='ocr_carea' id='block_1_1' title="bbox 255 429 396 506">
    <p class='ocr_par' dir='ltr' id='par_1_1' title="bbox 255 429 396 506">
     <span class='ocr_line' id='line_1_1' title="bbox 255 429 396 506; baseline -0.007 0"><span class='ocrx_word' id='word_1_1' title='bbox 255 439 314 506; x_wconf 74' lang='lat'><strong><em>121⁶</em></strong></span> <span class='ocrx_word' id='word_1_2' title='bbox 391 429 396 436; x_wconf 39' lang='lat'>⁸</span> 
     </span>
    </p>
   </div>
   <div class='ocr_carea' id='block_1_2' title="bbox 235 601 1357 4116">
    <p class='ocr_par' dir='ltr' id='par_1_2' title="bbox 237 601 1324 1014">
     <span class='ocr_line' id='line_1_2' title="bbox 237 601 1266 701; baseline 0.007 -25"><span class='ocrx_word' id='word_1_3' title='bbox 237 607 314 679; x_wconf 83' lang='grc' dir='ltr'><strong><em>,οὐκ</em></strong></span> <span class='ocrx_word' id='word_1_4' title='bbox 337 609 474 692; x_wconf 79' lang='grc' dir='ltr'><strong><em>έίξαντες</em></strong></span> <span class='ocrx_word' id='word_1_5' title='bbox 496 611 568 686; x_wconf 89' lang='grc' dir='ltr'><strong><em>ταῖς</em></strong></span> <span class='ocrx_word' id='word_1_6' title='bbox 593 606 795 701; x_wconf 77' lang='grc' dir='ltr'><strong><em>φαντασίαις</em></strong></span> <span class='ocrx_word' id='word_1_7' title='bbox 817 612 888 687; x_wconf 76' lang='grc' dir='ltr'><strong><em>τοῖς</em></strong></span> <span class='ocrx_word' id='word_1_8' title='bbox 910 601 1045 696; x_wconf 77' lang='grc' dir='ltr'><strong><em>άλόγοις</em></strong></span> <span class='ocrx_word' id='word_1_9' title='bbox 1070 612 1133 680; x_wconf 78' lang='grc' dir='ltr'><strong><em>τῆν</em></strong></span> <span class='ocrx_word' id='word_1_10' title='bbox 1156 610 1266 684; x_wconf 77' lang='grc' dir='ltr'><strong><em>ἄλλων</em></strong></span> 
     </span>
     <span class='ocr_line' id='line_1_3' title="bbox 255 705 1267 803; baseline 0.007 -24"><span class='ocrx_word' id='word_1_11' title='bbox 255 710 343 798; x_wconf 82' lang='grc' dir='ltr'><strong><em>ζώων</em></strong></span> <span class='ocrx_word' id='word_1_12' title='bbox 366 711 601 803; x_wconf 80' lang='grc' dir='ltr'><strong><em>παραπλησίως</em></strong></span> <span class='ocrx_word' id='word_1_13' title='bbox 629 705 746 789; x_wconf 85' lang='grc' dir='ltr'><strong><em>άυταῖς</em></strong></span> <span class='ocrx_word' id='word_1_14' title='bbox 778 707 956 798; x_wconf 75' lang='grc' dir='ltr'><strong><em>ἑπόμεθα,</em></strong></span> <span class='ocrx_word' id='word_1_15' title='bbox 998 710 1207 802; x_wconf 80' lang='grc' dir='ltr'><strong><em>συμβούλους</em></strong></span> <span class='ocrx_word' id='word_1_16' title='bbox 1232 744 1267 790; x_wconf 85' lang='grc' dir='ltr'><strong><em>τε</em></strong></span> 
     </span>
     <span class='ocr_line' id='line_1_4' title="bbox 254 807 1266 909; baseline 0 -23"><span class='ocrx_word' id='word_1_17' title='bbox 254 815 528 909; x_wconf 69' lang='grc' dir='ltr'><strong><em>παρακαλοῦμεν,</em></strong></span> <span class='ocrx_word' id='word_1_18' title='bbox 564 807 622 893; x_wconf 87' lang='grc' dir='ltr'><strong><em>όύς</em></strong></span> <span class='ocrx_word' id='word_1_19' title='bbox 645 808 687 882; x_wconf 80' lang='grc' dir='ltr'><strong><em>όίν</em></strong></span> <span class='ocrx_word' id='word_1_20' title='bbox 716 813 850 901; x_wconf 84' lang='grc' dir='ltr'><strong><em>έιδῶμεν</em></strong></span> <span class='ocrx_word' id='word_1_21' title='bbox 877 817 976 883; x_wconf 83' lang='grc' dir='ltr'><strong><em>πλέον</em></strong></span> <span class='ocrx_word' id='word_1_22' title='bbox 1003 840 1036 883; x_wconf 92' lang='grc' dir='ltr'><strong><em>τι</em></strong></span> <span class='ocrx_word' id='word_1_23' title='bbox 1065 818 1266 906; x_wconf 76' lang='grc' dir='ltr'><strong><em>δυναμένους</em></strong></span> 
     </span>
     <span class='ocr_line' id='line_1_5' title="bbox 254 913 1324 1014; baseline 0.005 -26"><span class='ocrx_word' id='word_1_24' title='bbox 254 918 344 1009; x_wconf 78' lang='grc' dir='ltr'><strong><em>ῆμῶν</em></strong></span> <span class='ocrx_word' id='word_1_25' title='bbox 365 921 411 996; x_wconf 83' lang='grc' dir='ltr'><strong><em>έις</em></strong></span> <span class='ocrx_word' id='word_1_26' title='bbox 434 914 493 999; x_wconf 89' lang='grc' dir='ltr'><strong><em>τῆν</em></strong></span> <span class='ocrx_word' id='word_1_27' title='bbox 517 917 623 1008; x_wconf 79' lang='grc' dir='ltr'><em>κρίσιν</em></span> <span class='ocrx_word' id='word_1_28' title='bbox 644 917 709 985; x_wconf 80' lang='grc' dir='ltr'><strong><em>τῶν</em></strong></span> <span class='ocrx_word' id='word_1_29' title='bbox 731 913 965 1009; x_wconf 84' lang='grc' dir='ltr'><strong><em>προκειμένων,</em></strong></span> <span class='ocrx_word' id='word_1_30' title='bbox 987 925 1042 987; x_wconf 77' lang='grc' dir='ltr'><strong><em>καὶ</em></strong></span> <span class='ocrx_word' id='word_1_31' title='bbox 1063 917 1266 1014; x_wconf 77' lang='grc' dir='ltr'><strong><em>τῆνάίρεσιν</em></strong></span> <span class='ocrx_word' id='word_1_32' title='bbox 1316 955 1324 968; x_wconf 58' lang='grc'><strong>“</strong></span> 
     </span>
    </p>

    <p class='ocr_par' dir='ltr' id='par_1_3' title="bbox 235 1017 1357 4116">
     <span class='ocr_line' id='line_1_6' title="bbox 254 1017 1357 1115; baseline 0.002 -23"><span class='ocrx_word' id='word_1_33' title='bbox 254 1017 482 1115; x_wconf 88' lang='grc' dir='ltr'><strong><em>συνάρασθαι.</em></strong></span> <span class='ocrx_word' id='word_1_34' title='bbox 515 1018 606 1102; x_wconf 91' lang='grc' dir='ltr'><strong><em>Ἤδη</em></strong></span> <span class='ocrx_word' id='word_1_35' title='bbox 635 1023 670 1088; x_wconf 81' lang='grc' dir='ltr'><strong><em>δὲ</em></strong></span> <span class='ocrx_word' id='word_1_36' title='bbox 690 1026 764 1112; x_wconf 81' lang='grc' dir='ltr'><strong><em>περὶ</em></strong></span> <span class='ocrx_word' id='word_1_37' title='bbox 785 1022 849 1088; x_wconf 81' lang='grc' dir='ltr'><strong><em>τῶν</em></strong></span> <span class='ocrx_word' id='word_1_38' title='bbox 865 1017 1021 1109; x_wconf 76' lang='grc' dir='ltr'><strong><em>μειζόνων</em></strong></span> <span class='ocrx_word' id='word_1_39' title='bbox 1044 1030 1101 1090; x_wconf 85' lang='grc' dir='ltr'><strong><em>καὶ</em></strong></span> <span class='ocrx_word' id='word_1_40' title='bbox 1118 1028 1265 1113; x_wconf 87' lang='grc' dir='ltr'><strong><em>χαλεπω-</em></strong></span> <span class='ocrx_word' id='word_1_41' title='bbox 1356 1019 1357 1024; x_wconf 30' lang='lat'>¹</span> 
     </span>
     <span class='ocr_line' id='line_1_7' title="bbox 252 1119 1266 1220; baseline 0.005 -28"><span class='ocrx_word' id='word_1_42' title='bbox 252 1129 353 1217; x_wconf 88' lang='grc' dir='ltr'><strong><em>τέρων</em></strong></span> <span class='ocrx_word' id='word_1_43' title='bbox 371 1120 430 1192; x_wconf 91' lang='grc' dir='ltr'><strong><em>ούκ</em></strong></span> <span class='ocrx_word' id='word_1_44' title='bbox 451 1119 607 1211; x_wconf 83' lang='grc' dir='ltr'><strong><em>ὀκνοῦμεν</em></strong></span> <span class='ocrx_word' id='word_1_45' title='bbox 627 1120 838 1212; x_wconf 79' lang='grc' dir='ltr'><strong><em>συμβούλους</em></strong></span> <span class='ocrx_word' id='word_1_46' title='bbox 854 1130 910 1192; x_wconf 83' lang='grc' dir='ltr'><strong><em>καὶ</em></strong></span> <span class='ocrx_word' id='word_1_47' title='bbox 928 1122 1005 1204; x_wconf 87' lang='grc' dir='ltr'><strong><em>τούς</em></strong></span> <span class='ocrx_word' id='word_1_48' title='bbox 1027 1124 1132 1206; x_wconf 87' lang='grc' dir='ltr'><strong><em>θεούς</em></strong></span> <span class='ocrx_word' id='word_1_49' title='bbox 1156 1155 1266 1220; x_wconf 86' lang='grc' dir='ltr'><strong><em>παρα-</em></strong></span> 
     </span>
     <span class='ocr_line' id='line_1_8' title="bbox 252 1222 1266 1322; baseline 0.003 -26"><span class='ocrx_word' id='word_1_50' title='bbox 252 1234 377 1312; x_wconf 82' lang='grc' dir='ltr'><strong><em>καλεῖν,</em></strong></span> <span class='ocrx_word' id='word_1_51' title='bbox 414 1222 579 1308; x_wconf 76' lang='grc' dir='ltr'><strong><em>ἀξιοῦντες</em></strong></span> <span class='ocrx_word' id='word_1_52' title='bbox 598 1223 806 1319; x_wconf 71' lang='grc' dir='ltr'><strong><em>παρ”άυτῶν</em></strong></span> <span class='ocrx_word' id='word_1_53' title='bbox 829 1232 958 1314; x_wconf 86' lang='grc' dir='ltr'><strong><em>μαθεῖν</em></strong></span> <span class='ocrx_word' id='word_1_54' title='bbox 982 1225 1004 1311; x_wconf 86' lang='lat'><strong><em>6</em></strong></span> <span class='ocrx_word' id='word_1_55' title='bbox 1028 1227 1086 1296; x_wconf 88' lang='grc' dir='ltr'><strong><em>διά</em></strong></span> <span class='ocrx_word' id='word_1_56' title='bbox 1109 1233 1266 1322; x_wconf 81' lang='grc' dir='ltr'><strong><em>χρησμῶν</em></strong></span> 
     </span>
     <span class='ocr_line' id='line_1_9' title="bbox 250 1325 1264 1426; baseline 0.004 -28"><span class='ocrx_word' id='word_1_57' title='bbox 250 1329 344 1414; x_wconf 82' lang='grc' dir='ltr'><strong><em>ἢδιά</em></strong></span> <span class='ocrx_word' id='word_1_58' title='bbox 360 1325 571 1419; x_wconf 74' lang='grc' dir='ltr'><strong><em>συμβούλων,</em></strong></span> <span class='ocrx_word' id='word_1_59' title='bbox 593 1327 613 1410; x_wconf 89' lang='lat'><strong><em>6</em></strong></span> <span class='ocrx_word' id='word_1_60' title='bbox 631 1326 670 1397; x_wconf 73' lang='grc' dir='ltr'><strong><em>δι’</em></strong></span> <span class='ocrx_word' id='word_1_61' title='bbox 688 1327 830 1421; x_wconf 88' lang='grc' dir='ltr'><strong><em>ὀνείρων,</em></strong></span> <span class='ocrx_word' id='word_1_62' title='bbox 840 1326 906 1413; x_wconf 70' lang='lat'><strong>²4),</strong></span> <span class='ocrx_word' id='word_1_63' title='bbox 931 1327 1075 1425; x_wconf 85' lang='grc' dir='ltr'><strong><em>ὁποτέρα</em></strong></span> <span class='ocrx_word' id='word_1_64' title='bbox 1089 1332 1155 1426; x_wconf 79' lang='grc' dir='ltr'><strong><em>χρὴ</em></strong></span> <span class='ocrx_word' id='word_1_65' title='bbox 1176 1337 1264 1422; x_wconf 84' lang='grc' dir='ltr'><strong><em>μάλ-</em></strong></span> 
     </span>
     <span class='ocr_line' id='line_1_10' title="bbox 251 1429 1265 1522; baseline 0.004 -19"><span class='ocrx_word' id='word_1_66' title='bbox 251 1439 309 1504; x_wconf 79' lang='grc' dir='ltr'><strong><em>λον</em></strong></span> <span class='ocrx_word' id='word_1_67' title='bbox 326 1429 413 1522; x_wconf 80' lang='grc' dir='ltr'><strong><em>ῆμᾶς</em></strong></span> <span class='ocrx_word' id='word_1_68' title='bbox 433 1435 575 1502; x_wconf 75' lang='grc' dir='ltr'><strong><em>ἑλέσθαι</em></strong></span> <span class='ocrx_word' id='word_1_69' title='bbox 599 1434 662 1500; x_wconf 77' lang='grc' dir='ltr'><strong><em>τῶν</em></strong></span> <span class='ocrx_word' id='word_1_70' title='bbox 683 1434 893 1521; x_wconf 81' lang='grc' dir='ltr'><strong><em>ζητουμένων.</em></strong></span> <span class='ocrx_word' id='word_1_71' title='bbox 933 1430 1062 1505; x_wconf 78' lang='grc' dir='ltr'><strong><em>Ἰκαναὶ</em></strong></span> <span class='ocrx_word' id='word_1_72' title='bbox 1085 1440 1120 1505; x_wconf 78' lang='grc' dir='ltr'><strong><em>δέ</em></strong></span> <span class='ocrx_word' id='word_1_73' title='bbox 1146 1444 1203 1506; x_wconf 83' lang='grc' dir='ltr'><strong><em>καὶ</em></strong></span> <span class='ocrx_word' id='word_1_74' title='bbox 1228 1443 1265 1508; x_wconf 85' lang='grc' dir='ltr'><strong><em>αἱ</em></strong></span> 
     </span>
     <span class='ocr_line' id='line_1_11' title="bbox 250 1533 1265 1627; baseline 0.003 -20"><span class='ocrx_word' id='word_1_75' title='bbox 250 1536 451 1627; x_wconf 76' lang='grc' dir='ltr'><strong><em>νομοθεσίαν</em></strong></span> <span class='ocrx_word' id='word_1_76' title='bbox 475 1537 574 1602; x_wconf 85' lang='grc' dir='ltr'><strong><em>τούτο</em></strong></span> <span class='ocrx_word' id='word_1_77' title='bbox 600 1538 762 1617; x_wconf 79' lang='grc' dir='ltr'><strong><em>συστῆσαι</em></strong></span> <span class='ocrx_word' id='word_1_78' title='bbox 787 1535 835 1619; x_wconf 76' lang='lat'><strong><em>²⁵)</em></strong></span> <span class='ocrx_word' id='word_1_79' title='bbox 847 1587 856 1618; x_wconf 93' lang='lat'><strong><em>,</em></strong></span> <span class='ocrx_word' id='word_1_80' title='bbox 894 1538 927 1606; x_wconf 86' lang='grc' dir='ltr'><strong><em>έν</em></strong></span> <span class='ocrx_word' id='word_1_81' title='bbox 953 1533 1009 1617; x_wconf 83' lang='grc' dir='ltr'><strong><em>άῖς</em></strong></span> <span class='ocrx_word' id='word_1_82' title='bbox 1033 1542 1265 1622; x_wconf 80' lang='grc' dir='ltr'><strong><em>διδασκαλίαις</em></strong></span> 
     </span>
     <span class='ocr_line' id='line_1_12' title="bbox 252 1632 1266 1731; baseline 0.007 -24"><span class='ocrx_word' id='word_1_83' title='bbox 252 1666 286 1708; x_wconf 86' lang='grc' dir='ltr'><strong><em>τε</em></strong></span> <span class='ocrx_word' id='word_1_84' title='bbox 311 1641 406 1707; x_wconf 80' lang='grc' dir='ltr'><strong><em>τινῶν</em></strong></span> <span class='ocrx_word' id='word_1_85' title='bbox 428 1632 590 1706; x_wconf 88' lang='grc' dir='ltr'><strong><em>κελεύεται</em></strong></span> <span class='ocrx_word' id='word_1_86' title='bbox 609 1645 665 1705; x_wconf 91' lang='grc' dir='ltr'><strong><em>και</em></strong></span> <span class='ocrx_word' id='word_1_87' title='bbox 688 1635 930 1731; x_wconf 85' lang='grc' dir='ltr'><strong><em>προςτάσσεται</em></strong></span> <span class='ocrx_word' id='word_1_88' title='bbox 951 1638 995 1708; x_wconf 91' lang='grc' dir='ltr'><strong><em>τά</em></strong></span> <span class='ocrx_word' id='word_1_89' title='bbox 1014 1648 1171 1728; x_wconf 78' lang='grc' dir='ltr'><strong><em>ποιητέα,</em></strong></span> <span class='ocrx_word' id='word_1_90' title='bbox 1208 1651 1266 1718; x_wconf 79' lang='grc' dir='ltr'><strong><em>καὶ</em></strong></span> 
     </span>
     <span class='ocr_line' id='line_1_13' title="bbox 249 1737 1265 1864; baseline 0.009 -56"><span class='ocrx_word' id='word_1_91' title='bbox 249 1767 408 1864; x_wconf 86' lang='grc' dir='ltr'><strong><em>τιμωνται</em></strong></span> <span class='ocrx_word' id='word_1_92' title='bbox 431 1748 471 1830; x_wconf 94' lang='grc' dir='ltr'><strong><em>μ</em></strong></span> <span class='ocrx_word' id='word_1_93' title='bbox 472 1767 491 1810; x_wconf 89' lang='grc' dir='ltr'><strong><em>ν</em></strong></span> <span class='ocrx_word' id='word_1_94' title='bbox 511 1766 544 1808; x_wconf 94' lang='grc' dir='ltr'><strong><em>οι</em></strong></span> <span class='ocrx_word' id='word_1_95' title='bbox 535 1738 757 1830; x_wconf 75' lang='grc' dir='ltr'><strong><em>’πειθόμενοι</em></strong></span> <span class='ocrx_word' id='word_1_96' title='bbox 775 1738 923 1824; x_wconf 78' lang='grc' dir='ltr'><strong><em>τούτοις,</em></strong></span> <span class='ocrx_word' id='word_1_97' title='bbox 953 1737 1153 1848; x_wconf 82' lang='grc' dir='ltr'><strong><em>κολάζονται</em></strong></span> <span class='ocrx_word' id='word_1_98' title='bbox 1172 1751 1265 1816; x_wconf 84' lang='grc' dir='ltr'><strong><em>δέ</em></strong></span> <span class='ocrx_word' id='word_1_99' title='bbox 1231 1774 1264 1817; x_wconf 91' lang='grc' dir='ltr'><strong><em>οι</em></strong></span> 
     </span>
     <span class='ocr_line' id='line_1_14' title="bbox 249 1841 1264 1964; baseline 0.009 -53"><span class='ocrx_word' id='word_1_100' title='bbox 249 1842 304 1964; x_wconf 77' lang='grc' dir='ltr'><strong><em>μῆ.</em></strong></span> <span class='ocrx_word' id='word_1_101' title='bbox 342 1841 517 1927; x_wconf 67' lang='grc' dir='ltr'><strong><em>Ἀλλά]</em></strong></span> <span class='ocrx_word' id='word_1_102' title='bbox 471 1841 537 1933; x_wconf 89' lang='grc' dir='ltr'><strong><em>μῆν</em></strong></span> <span class='ocrx_word' id='word_1_103' title='bbox 559 1842 655 1923; x_wconf 81' lang='grc' dir='ltr'><strong><em>ὄντος</em></strong></span> <span class='ocrx_word' id='word_1_104' title='bbox 676 1850 715 1932; x_wconf 74' lang='grc' dir='ltr'><strong><em>γέ</em></strong></span> <span class='ocrx_word' id='word_1_105' title='bbox 735 1871 823 1923; x_wconf 90' lang='grc' dir='ltr'><strong><em>τινος</em></strong></span> <span class='ocrx_word' id='word_1_106' title='bbox 841 1843 890 1940; x_wconf 87' lang='grc' dir='ltr'><strong><em>έφ</em></strong></span> <span class='ocrx_word' id='word_1_107' title='bbox 910 1842 1005 1936; x_wconf 89' lang='grc' dir='ltr'><strong><em>ῆμῖν,</em></strong></span> <span class='ocrx_word' id='word_1_108' title='bbox 1035 1855 1091 1918; x_wconf 85' lang='grc' dir='ltr'><strong><em>καὶ</em></strong></span> <span class='ocrx_word' id='word_1_109' title='bbox 1114 1849 1153 1918; x_wconf 90' lang='grc' dir='ltr'><strong><em>τὸ</em></strong></span> <span class='ocrx_word' id='word_1_110' title='bbox 1176 1851 1264 1921; x_wconf 80' lang='grc' dir='ltr'><strong><em>ἕνδε-</em></strong></span> 
     </span>
     <span class='ocr_line' id='line_1_15' title="bbox 245 1943 1263 2070; baseline 0.01 -56"><span class='ocrx_word' id='word_1_111' title='bbox 245 1944 385 2066; x_wconf 82' lang='grc' dir='ltr'><strong><em>χόμενύν</em></strong></span> <span class='ocrx_word' id='word_1_112' title='bbox 401 1963 509 2016; x_wconf 91' lang='grc' dir='ltr'><strong><em>εστιν</em></strong></span> <span class='ocrx_word' id='word_1_113' title='bbox 542 1949 604 2070; x_wconf 66' lang='lat'><strong><em>666</em></strong></span> <span class='ocrx_word' id='word_1_114' title='bbox 623 1943 672 2041; x_wconf 84' lang='grc' dir='ltr'><strong><em>έφ</em></strong></span> <span class='ocrx_word' id='word_1_115' title='bbox 696 1944 773 2036; x_wconf 81' lang='grc' dir='ltr'><strong><em>ἡμῖν</em></strong></span> <span class='ocrx_word' id='word_1_116' title='bbox 790 1952 860 2016; x_wconf 80' lang='grc' dir='ltr'><strong><em>ἐστι</em></strong></span> <span class='ocrx_word' id='word_1_117' title='bbox 879 1945 919 2016; x_wconf 85' lang='grc' dir='ltr'><strong><em>τό</em></strong></span> <span class='ocrx_word' id='word_1_118' title='bbox 941 1976 975 2020; x_wconf 92' lang='grc' dir='ltr'><strong><em>τε</em></strong></span> <span class='ocrx_word' id='word_1_119' title='bbox 997 1953 1120 2044; x_wconf 78' lang='grc' dir='ltr'><strong><em>πρᾶξαι</em></strong></span> <span class='ocrx_word' id='word_1_120' title='bbox 1142 1961 1198 2022; x_wconf 83' lang='grc' dir='ltr'><strong><em>καὶ</em></strong></span> <span class='ocrx_word' id='word_1_121' title='bbox 1222 1953 1263 2024; x_wconf 86' lang='grc' dir='ltr'><strong><em>τό</em></strong></span> 
     </span>
     <span class='ocr_line' id='line_1_16' title="bbox 246 2046 1262 2177; baseline 0.011 -60"><span class='ocrx_word' id='word_1_122' title='bbox 246 2047 302 2141; x_wconf 87' lang='grc' dir='ltr'><strong><em>μῆ.</em></strong></span> <span class='ocrx_word' id='word_1_123' title='bbox 351 2047 479 2120; x_wconf 78' lang='grc' dir='ltr'><strong><em>Τούτου</em></strong></span> <span class='ocrx_word' id='word_1_124' title='bbox 508 2048 585 2119; x_wconf 80' lang='grc' dir='ltr'><strong><em>δὲ”</em></strong></span> <span class='ocrx_word' id='word_1_125' title='bbox 566 2076 682 2134; x_wconf 90' lang='grc' dir='ltr'><strong><em>οντος,</em></strong></span> <span class='ocrx_word' id='word_1_126' title='bbox 715 2046 928 2120; x_wconf 80' lang='grc' dir='ltr'><strong><em>ἀδύνατον</em></strong></span> <span class='ocrx_word' id='word_1_127' title='bbox 908 2061 1091 2177; x_wconf 71' lang='grc' dir='ltr'><strong><em>μναγκαῖον</em></strong></span> <span class='ocrx_word' id='word_1_128' title='bbox 1116 2060 1201 2128; x_wconf 83' lang='grc' dir='ltr'><strong><em>έῖναι</em></strong></span> <span class='ocrx_word' id='word_1_129' title='bbox 1222 2056 1262 2128; x_wconf 85' lang='grc' dir='ltr'><strong><em>τό</em></strong></span> 
     </span>
     <span class='ocr_line' id='line_1_17' title="bbox 246 2150 1262 2254; baseline 0.01 -33"><span class='ocrx_word' id='word_1_130' title='bbox 246 2155 304 2236; x_wconf 84' lang='grc' dir='ltr'><strong><em>τῆς</em></strong></span> <span class='ocrx_word' id='word_1_131' title='bbox 321 2155 535 2247; x_wconf 84' lang='grc' dir='ltr'><strong><em>έιμαρμένης,</em></strong></span> <span class='ocrx_word' id='word_1_132' title='bbox 558 2150 595 2223; x_wconf 76' lang='lat'><strong><em>66</em></strong></span> <span class='ocrx_word' id='word_1_133' title='bbox 614 2157 647 2223; x_wconf 87' lang='grc' dir='ltr'><strong><em>έν</em></strong></span> <span class='ocrx_word' id='word_1_134' title='bbox 669 2150 815 2237; x_wconf 87' lang='grc' dir='ltr'><strong><em>τούτοις,</em></strong></span> <span class='ocrx_word' id='word_1_135' title='bbox 844 2157 878 2232; x_wconf 82' lang='grc' dir='ltr'><strong><em>έν</em></strong></span> <span class='ocrx_word' id='word_1_136' title='bbox 899 2151 951 2235; x_wconf 82' lang='grc' dir='ltr'><strong><em>έῑς</em></strong></span> <span class='ocrx_word' id='word_1_137' title='bbox 971 2162 1027 2224; x_wconf 87' lang='grc' dir='ltr'><strong><em>καὶ</em></strong></span> <span class='ocrx_word' id='word_1_138' title='bbox 1048 2157 1087 2225; x_wconf 87' lang='grc' dir='ltr'><strong><em>τὸ</em></strong></span> <span class='ocrx_word' id='word_1_139' title='bbox 1110 2156 1160 2254; x_wconf 88' lang='grc' dir='ltr'><strong><em>έφ</em></strong></span> <span class='ocrx_word' id='word_1_140' title='bbox 1182 2156 1262 2251; x_wconf 87' lang='grc' dir='ltr'><strong><em>ῆμῖν</em></strong></span> 
     </span>
     <span class='ocr_line' id='line_1_18' title="bbox 244 2252 1260 2382; baseline 0.009 -58"><span class='ocrx_word' id='word_1_141' title='bbox 244 2257 307 2346; x_wconf 79' lang='grc' dir='ltr'><strong><em>ἔχει</em></strong></span> <span class='ocrx_word' id='word_1_142' title='bbox 329 2252 450 2349; x_wconf 82' lang='grc' dir='ltr'><strong><em>χώραν.</em></strong></span> <span class='ocrx_word' id='word_1_143' title='bbox 489 2254 671 2326; x_wconf 80' lang='grc' dir='ltr'><strong><em>Ικαναλδὲ</em></strong></span> <span class='ocrx_word' id='word_1_144' title='bbox 657 2263 748 2324; x_wconf 76' lang='grc' dir='ltr'><strong><em>ἐκαὶ</em></strong></span> <span class='ocrx_word' id='word_1_145' title='bbox 770 2261 805 2324; x_wconf 88' lang='grc' dir='ltr'><strong><em>αἱ</em></strong></span> <span class='ocrx_word' id='word_1_146' title='bbox 821 2255 905 2382; x_wconf 83' lang='grc' dir='ltr'><strong><em>πρὸς</em></strong></span> <span class='ocrx_word' id='word_1_147' title='bbox 925 2256 1002 2338; x_wconf 89' lang='grc' dir='ltr'><strong><em>τούς</em></strong></span> <span class='ocrx_word' id='word_1_148' title='bbox 1024 2260 1165 2342; x_wconf 88' lang='grc' dir='ltr'><strong><em>θεούς</em></strong></span> <span class='ocrx_word' id='word_1_149' title='bbox 1149 2271 1260 2354; x_wconf 86' lang='grc' dir='ltr'><strong><em>εοχαὶ,</em></strong></span> 
     </span>
     <span class='ocr_line' id='line_1_19' title="bbox 244 2355 1260 2454; baseline 0.012 -28"><span class='ocrx_word' id='word_1_150' title='bbox 244 2362 307 2428; x_wconf 80' lang='grc' dir='ltr'><strong><em>τῶν</em></strong></span> <span class='ocrx_word' id='word_1_151' title='bbox 328 2389 352 2446; x_wconf 88' lang='grc' dir='ltr'><strong><em>μ</em></strong></span> <span class='ocrx_word' id='word_1_152' title='bbox 353 2367 386 2428; x_wconf 77' lang='grc' dir='ltr'><strong><em>ἐν</em></strong></span> <span class='ocrx_word' id='word_1_153' title='bbox 405 2355 597 2452; x_wconf 87' lang='grc' dir='ltr'><strong><em>άποτροπῆν</em></strong></span> <span class='ocrx_word' id='word_1_154' title='bbox 612 2384 708 2428; x_wconf 84' lang='grc' dir='ltr'><strong><em>τινων</em></strong></span> <span class='ocrx_word' id='word_1_155' title='bbox 722 2357 923 2449; x_wconf 84' lang='grc' dir='ltr'><strong><em>άιτουμένων</em></strong></span> <span class='ocrx_word' id='word_1_156' title='bbox 943 2387 1012 2454; x_wconf 91' lang='grc' dir='ltr'><strong><em>παρ</em></strong></span> <span class='ocrx_word' id='word_1_157' title='bbox 1044 2359 1173 2450; x_wconf 76' lang='grc' dir='ltr'><strong><em>άυτῶν,</em></strong></span> <span class='ocrx_word' id='word_1_158' title='bbox 1195 2370 1260 2438; x_wconf 81' lang='grc' dir='ltr'><strong><em>τῶν</em></strong></span> 
     </span>
     <span class='ocr_line' id='line_1_20' title="bbox 244 2419 1261 2556; baseline 0.01 -26"><span class='ocrx_word' id='word_1_159' title='bbox 244 2465 280 2530; x_wconf 80' lang='grc' dir='ltr'><strong><em>δέ</em></strong></span> <span class='ocrx_word' id='word_1_160' title='bbox 308 2458 403 2531; x_wconf 91' lang='grc' dir='ltr'><strong><em>δόσιυ</em></strong></span> <span class='ocrx_word' id='word_1_161' title='bbox 438 2459 599 2550; x_wconf 69' lang='grc' dir='ltr'><strong><em>ἀγαθόν,</em></strong></span> <span class='ocrx_word' id='word_1_162' title='bbox 636 2453 681 2542; x_wconf 74' lang='grc' dir='ltr'><strong><em>ὥς</em></strong></span> <span class='ocrx_word' id='word_1_163' title='bbox 710 2460 812 2532; x_wconf 79' lang='grc' dir='ltr'><strong><em>ὄντων</em></strong></span> <span class='ocrx_word' id='word_1_164' title='bbox 838 2467 933 2534; x_wconf 80' lang='grc' dir='ltr'><strong><em>τινῶν</em></strong></span> <span class='ocrx_word' id='word_1_165' title='bbox 962 2419 1175 2556; x_wconf 82' lang='grc' dir='ltr'><strong><em>ένδεχομένωύ</em></strong></span> <span class='ocrx_word' id='word_1_166' title='bbox 1203 2478 1261 2540; x_wconf 82' lang='grc' dir='ltr'><strong><em>καὶ</em></strong></span> 
     </span>
     <span class='ocr_line' id='line_1_21' title="bbox 243 2561 1260 2659; baseline 0.01 -25"><span class='ocrx_word' id='word_1_167' title='bbox 243 2571 404 2656; x_wconf 72' lang='grc' dir='ltr'><strong><em>γενέσθαι</em></strong></span> <span class='ocrx_word' id='word_1_168' title='bbox 426 2573 482 2634; x_wconf 82' lang='grc' dir='ltr'><strong><em>καὶ</em></strong></span> <span class='ocrx_word' id='word_1_169' title='bbox 504 2563 566 2653; x_wconf 84' lang='grc' dir='ltr'><strong><em>μῆ,</em></strong></span> <span class='ocrx_word' id='word_1_170' title='bbox 604 2564 661 2634; x_wconf 86' lang='grc' dir='ltr'><strong><em>διά</em></strong></span> <span class='ocrx_word' id='word_1_171' title='bbox 682 2563 741 2648; x_wconf 86' lang='grc' dir='ltr'><strong><em>τῆν</em></strong></span> <span class='ocrx_word' id='word_1_172' title='bbox 765 2561 926 2659; x_wconf 82' lang='grc' dir='ltr'><strong><em>ἡμετέραν</em></strong></span> <span class='ocrx_word' id='word_1_173' title='bbox 953 2561 1085 2651; x_wconf 84' lang='grc' dir='ltr'><strong><em>άίτησεν</em></strong></span> <span class='ocrx_word' id='word_1_174' title='bbox 1108 2568 1173 2641; x_wconf 85' lang='grc' dir='ltr'><strong><em>ύπὸ</em></strong></span> <span class='ocrx_word' id='word_1_175' title='bbox 1194 2577 1260 2646; x_wconf 79' lang='grc' dir='ltr'><strong><em>τῶν</em></strong></span> 
     </span>
     <span class='ocr_line' id='line_1_22' title="bbox 244 2665 1260 2767; baseline 0.007 -29"><span class='ocrx_word' id='word_1_176' title='bbox 244 2671 336 2738; x_wconf 75' lang='grc' dir='ltr'><strong><em>θεῶν</em></strong></span> <span class='ocrx_word' id='word_1_177' title='bbox 361 2671 526 2751; x_wconf 76' lang='grc' dir='ltr'><strong><em>συστῆσαι</em></strong></span> <span class='ocrx_word' id='word_1_178' title='bbox 548 2665 586 2736; x_wconf 87' lang='grc' dir='ltr'><strong><em>τὸ</em></strong></span> <span class='ocrx_word' id='word_1_179' title='bbox 615 2670 698 2738; x_wconf 80' lang='grc' dir='ltr'><strong><em>ἐῑναί</em></strong></span> <span class='ocrx_word' id='word_1_180' title='bbox 722 2694 798 2738; x_wconf 85' lang='grc' dir='ltr'><strong><em>τινα</em></strong></span> <span class='ocrx_word' id='word_1_181' title='bbox 826 2667 1027 2760; x_wconf 76' lang='grc' dir='ltr'><strong><em>ἐνδεχόμενα.</em></strong></span> <span class='ocrx_word' id='word_1_182' title='bbox 1064 2669 1172 2744; x_wconf 80' lang='grc' dir='ltr'><strong><em>Ἀλλά</em></strong></span> <span class='ocrx_word' id='word_1_183' title='bbox 1192 2676 1260 2767; x_wconf 78' lang='grc' dir='ltr'><strong><em>μὴν</em></strong></span> 
     </span>
     <span class='ocr_line' id='line_1_23' title="bbox 244 2767 1256 2864; baseline 0.008 -22"><span class='ocrx_word' id='word_1_184' title='bbox 244 2781 300 2842; x_wconf 82' lang='grc' dir='ltr'><strong><em>καὶ</em></strong></span> <span class='ocrx_word' id='word_1_185' title='bbox 317 2776 352 2839; x_wconf 81' lang='grc' dir='ltr'><strong><em>ἐκ</em></strong></span> <span class='ocrx_word' id='word_1_186' title='bbox 367 2773 426 2854; x_wconf 90' lang='grc' dir='ltr'><strong><em>τῆς</em></strong></span> <span class='ocrx_word' id='word_1_187' title='bbox 440 2774 583 2864; x_wconf 77' lang='grc' dir='ltr'><strong><em>φυσικῆς</em></strong></span> <span class='ocrx_word' id='word_1_188' title='bbox 599 2767 787 2851; x_wconf 74' lang='grc' dir='ltr'><strong><em>συστάσεως</em></strong></span> <span class='ocrx_word' id='word_1_189' title='bbox 804 2775 868 2840; x_wconf 78' lang='grc' dir='ltr'><strong><em>τῶν</em></strong></span> <span class='ocrx_word' id='word_1_190' title='bbox 884 2771 987 2844; x_wconf 80' lang='grc' dir='ltr'><strong><em>ὄντων</em></strong></span> <span class='ocrx_word' id='word_1_191' title='bbox 1000 2773 1141 2848; x_wconf 86' lang='grc' dir='ltr'><strong><em>έκάστοο</em></strong></span> <span class='ocrx_word' id='word_1_192' title='bbox 1156 2779 1256 2850; x_wconf 82' lang='grc' dir='ltr'><strong><em>τοῦθ’</em></strong></span> 
     </span>
     <span class='ocr_line' id='line_1_24' title="bbox 243 2871 1260 2970; baseline 0.008 -26"><span class='ocrx_word' id='word_1_193' title='bbox 243 2871 315 2945; x_wconf 85' lang='grc' dir='ltr'><strong><em>όῐόν</em></strong></span> <span class='ocrx_word' id='word_1_194' title='bbox 338 2901 372 2944; x_wconf 87' lang='grc' dir='ltr'><strong><em>τε</em></strong></span> <span class='ocrx_word' id='word_1_195' title='bbox 396 2880 619 2964; x_wconf 74' lang='grc' dir='ltr'><strong><em>καταμαθεῖν.</em></strong></span> <span class='ocrx_word' id='word_1_196' title='bbox 668 2871 719 2942; x_wconf 89' lang='grc' dir='ltr'>Ἡ</span> <span class='ocrx_word' id='word_1_197' title='bbox 733 2873 797 2968; x_wconf 74' lang='grc' dir='ltr'><strong><em>γάρ</em></strong></span> <span class='ocrx_word' id='word_1_198' title='bbox 823 2872 924 2968; x_wconf 89' lang='grc' dir='ltr'><strong><em>φύσις</em></strong></span> <span class='ocrx_word' id='word_1_199' title='bbox 945 2874 1030 2962; x_wconf 83' lang='grc' dir='ltr'><strong><em>άυτὴ</em></strong></span> <span class='ocrx_word' id='word_1_200' title='bbox 1053 2889 1122 2962; x_wconf 87' lang='grc' dir='ltr'><strong><em>τοῖς</em></strong></span> <span class='ocrx_word' id='word_1_201' title='bbox 1142 2893 1204 2970; x_wconf 81' lang='grc' dir='ltr'><strong><em>μὲν</em></strong></span> <span class='ocrx_word' id='word_1_202' title='bbox 1217 2887 1260 2969; x_wconf 82' lang='grc' dir='ltr'><strong><em>,ἐξ</em></strong></span> 
     </span>
     <span class='ocr_line' id='line_1_25' title="bbox 243 2974 1258 3071; baseline 0.008 -23"><span class='ocrx_word' id='word_1_203' title='bbox 243 2976 388 3068; x_wconf 71' lang='grc' dir='ltr'><strong><em>ἀνάγκης</em></strong></span> <span class='ocrx_word' id='word_1_204' title='bbox 423 2974 496 3047; x_wconf 82' lang='grc' dir='ltr'><strong><em>όύσί</em></strong></span> <span class='ocrx_word' id='word_1_205' title='bbox 530 3005 564 3048; x_wconf 87' lang='grc' dir='ltr'><strong><em>τε</em></strong></span> <span class='ocrx_word' id='word_1_206' title='bbox 592 2983 647 3046; x_wconf 83' lang='grc' dir='ltr'><strong><em>καὶ</em></strong></span> <span class='ocrx_word' id='word_1_207' title='bbox 671 2983 876 3068; x_wconf 76' lang='grc' dir='ltr'><strong><em>γιγνομένοις</em></strong></span> <span class='ocrx_word' id='word_1_208' title='bbox 898 2977 1052 3071; x_wconf 77' lang='grc' dir='ltr'><strong><em>οὐδεμίαν</em></strong></span> <span class='ocrx_word' id='word_1_209' title='bbox 1077 2985 1258 3070; x_wconf 81' lang='grc' dir='ltr'><strong><em>ἐπιτηδειό-</em></strong></span> 
     </span>
     <span class='ocr_line' id='line_1_26' title="bbox 243 3077 1258 3175; baseline 0.011 -25"><span class='ocrx_word' id='word_1_210' title='bbox 243 3109 324 3166; x_wconf 86' lang='grc' dir='ltr'><strong><em>τητα</em></strong></span> <span class='ocrx_word' id='word_1_211' title='bbox 339 3080 427 3175; x_wconf 85' lang='grc' dir='ltr'><strong><em>πρὸς</em></strong></span> <span class='ocrx_word' id='word_1_212' title='bbox 446 3077 664 3172; x_wconf 79' lang='grc' dir='ltr'><strong><em>ἀντικείμενον</em></strong></span> <span class='ocrx_word' id='word_1_213' title='bbox 686 3081 782 3148; x_wconf 82' lang='grc' dir='ltr'><strong><em>ἔδωκε</em></strong></span> <span class='ocrx_word' id='word_1_214' title='bbox 789 3134 798 3165; x_wconf 93' lang='grc'><strong><em>,</em></strong></span> <span class='ocrx_word' id='word_1_215' title='bbox 829 3080 890 3164; x_wconf 87' lang='grc' dir='ltr'><strong><em>τῆν</em></strong></span> <span class='ocrx_word' id='word_1_216' title='bbox 910 3087 946 3152; x_wconf 83' lang='grc' dir='ltr'><strong><em>δέ</em></strong></span> <span class='ocrx_word' id='word_1_217' title='bbox 965 3082 1258 3175; x_wconf 88' lang='grc' dir='ltr'><strong><em>άνεπιτηδειότητα</em></strong></span> 
     </span>
     <span class='ocr_line' id='line_1_27' title="bbox 242 3181 1257 3312; baseline 0.01 -58"><span class='ocrx_word' id='word_1_218' title='bbox 242 3184 324 3279; x_wconf 86' lang='grc' dir='ltr'><strong><em>πρὸς</em></strong></span> <span class='ocrx_word' id='word_1_219' title='bbox 345 3181 509 3306; x_wconf 78' lang='grc' dir='ltr'><strong><em>άδύνατα·</em></strong></span> <span class='ocrx_word' id='word_1_220' title='bbox 531 3181 640 3312; x_wconf 82' lang='grc' dir='ltr'><strong><em>μάτην</em></strong></span> <span class='ocrx_word' id='word_1_221' title='bbox 663 3182 727 3276; x_wconf 74' lang='grc' dir='ltr'><strong><em>γὰρ</em></strong></span> <span class='ocrx_word' id='word_1_222' title='bbox 755 3186 834 3266; x_wconf 80' lang='grc' dir='ltr'><strong><em>ἕξειν</em></strong></span> <span class='ocrx_word' id='word_1_223' title='bbox 858 3187 968 3275; x_wconf 79' lang='grc' dir='ltr'><strong><em>ἔμελλε</em></strong></span> <span class='ocrx_word' id='word_1_224' title='bbox 995 3187 1054 3272; x_wconf 88' lang='grc' dir='ltr'><strong><em>τῆν</em></strong></span> <span class='ocrx_word' id='word_1_225' title='bbox 1075 3192 1257 3278; x_wconf 75' lang='grc' dir='ltr'><strong><em>ἐπιτηδειό-</em></strong></span> 
     </span>
     <span class='ocr_line' id='line_1_28' title="bbox 240 3286 1256 3382; baseline 0.011 -25"><span class='ocrx_word' id='word_1_226' title='bbox 240 3315 324 3373; x_wconf 90' lang='grc' dir='ltr'><strong><em>τητα</em></strong></span> <span class='ocrx_word' id='word_1_227' title='bbox 342 3286 425 3382; x_wconf 84' lang='grc' dir='ltr'><strong><em>πρὸς</em></strong></span> <span class='ocrx_word' id='word_1_228' title='bbox 446 3287 504 3372; x_wconf 85' lang='grc' dir='ltr'><strong><em>τῆν</em></strong></span> <span class='ocrx_word' id='word_1_229' title='bbox 527 3293 573 3368; x_wconf 88' lang='grc' dir='ltr'><strong><em>εἰς</em></strong></span> <span class='ocrx_word' id='word_1_230' title='bbox 596 3289 704 3355; x_wconf 79' lang='grc' dir='ltr'><strong><em>ταῦτα</em></strong></span> <span class='ocrx_word' id='word_1_231' title='bbox 724 3287 971 3375; x_wconf 77' lang='grc' dir='ltr'><strong><em>μεταβολῆν,’</em></strong></span> <span class='ocrx_word' id='word_1_232' title='bbox 951 3317 1033 3361; x_wconf 83' lang='grc' dir='ltr'><strong><em>οντα</em></strong></span> <span class='ocrx_word' id='word_1_233' title='bbox 1053 3302 1110 3364; x_wconf 80' lang='grc' dir='ltr'><strong><em>καὶ</em></strong></span> <span class='ocrx_word' id='word_1_234' title='bbox 1130 3294 1256 3368; x_wconf 79' lang='grc' dir='ltr'><strong><em>ἀδύνα-</em></strong></span> 
     </span>
     <span class='ocr_line' id='line_1_29' title="bbox 240 3384 1255 3494; baseline 0.009 -34"><span class='ocrx_word' id='word_1_235' title='bbox 240 3419 282 3460; x_wconf 88' lang='grc' dir='ltr'><strong><em>τα</em></strong></span> <span class='ocrx_word' id='word_1_236' title='bbox 311 3392 465 3472; x_wconf 83' lang='grc' dir='ltr'><strong><em>ἄλλως”</em></strong></span> <span class='ocrx_word' id='word_1_237' title='bbox 446 3417 536 3481; x_wconf 86' lang='grc' dir='ltr'><strong><em>εχειν.</em></strong></span> <span class='ocrx_word' id='word_1_238' title='bbox 587 3387 792 3482; x_wconf 84' lang='grc' dir='ltr'><strong><em>Ορῶμεν</em></strong></span> <span class='ocrx_word' id='word_1_239' title='bbox 754 3418 818 3483; x_wconf 73' lang='grc' dir='ltr'><strong><em>γαρ</em></strong></span> <span class='ocrx_word' id='word_1_240' title='bbox 849 3384 901 3464; x_wconf 80' lang='grc' dir='ltr'><strong><em>ότι</em></strong></span> <span class='ocrx_word' id='word_1_241' title='bbox 932 3391 1007 3464; x_wconf 87' lang='grc' dir='ltr'><strong><em>ὀύτε</em></strong></span> <span class='ocrx_word' id='word_1_242' title='bbox 1036 3395 1075 3465; x_wconf 86' lang='grc' dir='ltr'><strong><em>τὸ</em></strong></span> <span class='ocrx_word' id='word_1_243' title='bbox 1104 3403 1170 3494; x_wconf 83' lang='grc' dir='ltr'><strong><em>πῦρ</em></strong></span> <span class='ocrx_word' id='word_1_244' title='bbox 1203 3400 1255 3487; x_wconf 75' lang='lat'><strong><em>²⁶)</em></strong></span> 
     </span>
     <span class='ocr_line' id='line_1_30' title="bbox 239 3490 1255 3617; baseline 0.009 -54"><span class='ocrx_word' id='word_1_245' title='bbox 239 3497 302 3585; x_wconf 82' lang='grc' dir='ltr'><strong><em>ἔχει</em></strong></span> <span class='ocrx_word' id='word_1_246' title='bbox 324 3492 463 3617; x_wconf 82' lang='grc' dir='ltr'><strong><em>δύναμιν</em></strong></span> <span class='ocrx_word' id='word_1_247' title='bbox 487 3490 698 3588; x_wconf 79' lang='grc' dir='ltr'><strong><em>ψυχρότητος</em></strong></span> <span class='ocrx_word' id='word_1_248' title='bbox 719 3496 752 3562; x_wconf 86' lang='grc' dir='ltr'><strong><em>έν</em></strong></span> <span class='ocrx_word' id='word_1_249' title='bbox 773 3491 880 3588; x_wconf 79' lang='grc' dir='ltr'><strong><em>άυτιό,</em></strong></span> <span class='ocrx_word' id='word_1_250' title='bbox 913 3493 987 3566; x_wconf 85' lang='grc' dir='ltr'><strong><em>όύτε</em></strong></span> <span class='ocrx_word' id='word_1_251' title='bbox 1008 3495 1129 3590; x_wconf 82' lang='grc' dir='ltr'><strong><em>ῆχιών</em></strong></span> <span class='ocrx_word' id='word_1_252' title='bbox 1150 3510 1255 3593; x_wconf 79' lang='grc' dir='ltr'><strong><em>μελα-</em></strong></span> 
     </span>
     <span class='ocr_line' id='line_1_31' title="bbox 237 3593 1255 3718; baseline 0.007 -53"><span class='ocrx_word' id='word_1_253' title='bbox 237 3601 327 3681; x_wconf 89' lang='grc' dir='ltr'><strong><em>νίας,</em></strong></span> <span class='ocrx_word' id='word_1_254' title='bbox 359 3595 432 3667; x_wconf 85' lang='grc' dir='ltr'><strong><em>ὀύτε</em></strong></span> <span class='ocrx_word' id='word_1_255' title='bbox 455 3595 496 3666; x_wconf 86' lang='grc' dir='ltr'><strong><em>τά</em></strong></span> <span class='ocrx_word' id='word_1_256' title='bbox 510 3593 625 3718; x_wconf 79' lang='grc' dir='ltr'><strong><em>βάρεα</em></strong></span> <span class='ocrx_word' id='word_1_257' title='bbox 650 3593 877 3690; x_wconf 84' lang='grc' dir='ltr'><strong><em>κουφότητος,</em></strong></span> <span class='ocrx_word' id='word_1_258' title='bbox 909 3599 1051 3688; x_wconf 89' lang='grc' dir='ltr'><strong><em>μένοντά</em></strong></span> <span class='ocrx_word' id='word_1_259' title='bbox 1078 3632 1115 3692; x_wconf 74' lang='grc' dir='ltr'><strong><em>γε</em></strong></span> <span class='ocrx_word' id='word_1_260' title='bbox 1143 3605 1255 3679; x_wconf 73' lang='grc' dir='ltr'><strong><em>τᾶυηὶ</em></strong></span> 
     </span>
     <span class='ocr_line' id='line_1_32' title="bbox 236 3696 1254 3798; baseline 0.013 -28"><span class='ocrx_word' id='word_1_261' title='bbox 236 3696 260 3770; x_wconf 86' lang='grc' dir='ltr'><strong><em>ά</em></strong></span> <span class='ocrx_word' id='word_1_262' title='bbox 278 3706 366 3770; x_wconf 81' lang='grc' dir='ltr'><strong><em>ἐστιν</em></strong></span> <span class='ocrx_word' id='word_1_263' title='bbox 382 3704 447 3783; x_wconf 72' lang='lat'><strong>²⁷),</strong></span> <span class='ocrx_word' id='word_1_264' title='bbox 480 3697 554 3768; x_wconf 89' lang='grc' dir='ltr'><strong><em>όύτε</em></strong></span> <span class='ocrx_word' id='word_1_265' title='bbox 576 3703 612 3767; x_wconf 83' lang='grc' dir='ltr'><strong><em>τί</em></strong></span> <span class='ocrx_word' id='word_1_266' title='bbox 629 3701 694 3767; x_wconf 80' lang='grc' dir='ltr'><strong><em>τῶν</em></strong></span> <span class='ocrx_word' id='word_1_267' title='bbox 715 3697 828 3772; x_wconf 85' lang='grc' dir='ltr'><strong><em>άιδίων</em></strong></span> <span class='ocrx_word' id='word_1_268' title='bbox 850 3705 910 3772; x_wconf 83' lang='grc' dir='ltr'><strong><em>τοῦ</em></strong></span> <span class='ocrx_word' id='word_1_269' title='bbox 932 3709 1124 3798; x_wconf 75' lang='grc' dir='ltr'><strong><em>φθαρῆναι.</em></strong></span> <span class='ocrx_word' id='word_1_270' title='bbox 1173 3719 1254 3795; x_wconf 88' lang='grc' dir='ltr'><strong><em>Τοῖς</em></strong></span> 
     </span>
     <span class='ocr_line' id='line_1_33' title="bbox 236 3797 1254 3910; baseline 0.009 -36"><span class='ocrx_word' id='word_1_271' title='bbox 236 3810 272 3874; x_wconf 84' lang='grc' dir='ltr'><strong><em>δέ</em></strong></span> <span class='ocrx_word' id='word_1_272' title='bbox 298 3803 357 3874; x_wconf 89' lang='grc' dir='ltr'><strong><em>ούκ</em></strong></span> <span class='ocrx_word' id='word_1_273' title='bbox 379 3797 603 3890; x_wconf 68' lang='grc' dir='ltr'><strong><em>ἀναγκαῖόν</em></strong></span> <span class='ocrx_word' id='word_1_274' title='bbox 588 3827 620 3870; x_wconf 88' lang='grc' dir='ltr'><strong><em>εν</em></strong></span> <span class='ocrx_word' id='word_1_275' title='bbox 645 3807 783 3896; x_wconf 81' lang='grc' dir='ltr'><strong><em>θατέρῳ</em></strong></span> <span class='ocrx_word' id='word_1_276' title='bbox 813 3807 876 3874; x_wconf 85' lang='grc' dir='ltr'><strong><em>τῶν</em></strong></span> <span class='ocrx_word' id='word_1_277' title='bbox 904 3803 1131 3899; x_wconf 74' lang='grc' dir='ltr'><strong><em>ἀντικειμένου</em></strong></span> <span class='ocrx_word' id='word_1_278' title='bbox 1156 3811 1254 3910; x_wconf 66' lang='lat'>666-</span> 
     </span>
     <span class='ocr_line' id='line_1_34' title="bbox 235 3904 1252 4036; baseline 0.011 -62"><span class='ocrx_word' id='word_1_279' title='bbox 235 3914 393 4031; x_wconf 80' lang='grc' dir='ltr'><strong><em>ρισμένφς</em></strong></span> <span class='ocrx_word' id='word_1_280' title='bbox 425 3908 506 3974; x_wconf 81' lang='grc' dir='ltr'><strong><em>ε’ῖναί</em></strong></span> <span class='ocrx_word' id='word_1_281' title='bbox 532 3931 566 3973; x_wconf 89' lang='grc' dir='ltr'><strong><em>τε</em></strong></span> <span class='ocrx_word' id='word_1_282' title='bbox 594 3912 649 3973; x_wconf 79' lang='grc' dir='ltr'><strong><em>καὶ</em></strong></span> <span class='ocrx_word' id='word_1_283' title='bbox 672 3911 780 3994; x_wconf 90' lang='grc' dir='ltr'><strong><em>μένειν</em></strong></span> <span class='ocrx_word' id='word_1_284' title='bbox 806 3904 930 3991; x_wconf 87' lang='grc' dir='ltr'><strong><em>τάυτά,</em></strong></span> <span class='ocrx_word' id='word_1_285' title='bbox 966 3938 1023 3982; x_wconf 90' lang='grc' dir='ltr'><strong><em>και</em></strong></span> <span class='ocrx_word' id='word_1_286' title='bbox 1049 3919 1108 4036; x_wconf 79' lang='grc' dir='ltr'><strong><em>τῆς</em></strong></span> <span class='ocrx_word' id='word_1_287' title='bbox 1136 3921 1181 3997; x_wconf 86' lang='grc' dir='ltr'><strong><em>έις</em></strong></span> <span class='ocrx_word' id='word_1_288' title='bbox 1211 3917 1252 3989; x_wconf 78' lang='grc' dir='ltr'><strong><em>τὸ</em></strong></span> 
     </span>
     <span class='ocr_line' id='line_1_35' title="bbox 235 4006 1251 4116; baseline 0.009 -37"><span class='ocrx_word' id='word_1_289' title='bbox 235 4009 454 4099; x_wconf 75' lang='grc' dir='ltr'><strong><em>ἀντικείμενον</em></strong></span> <span class='ocrx_word' id='word_1_290' title='bbox 488 4011 722 4096; x_wconf 79' lang='grc' dir='ltr'><strong><em>μεταβολῆς</em></strong></span> <span class='ocrx_word' id='word_1_291' title='bbox 706 4035 740 4078; x_wconf 87' lang='grc' dir='ltr'><strong><em>εκ</em></strong></span> <span class='ocrx_word' id='word_1_292' title='bbox 771 4006 900 4102; x_wconf 89' lang='grc' dir='ltr'><strong><em>φύσεως</em></strong></span> <span class='ocrx_word' id='word_1_293' title='bbox 932 4014 1013 4101; x_wconf 85' lang='grc' dir='ltr'><strong><em>ἔχειν</em></strong></span> <span class='ocrx_word' id='word_1_294' title='bbox 1049 4017 1108 4098; x_wconf 87' lang='grc' dir='ltr'><strong><em>τῆν</em></strong></span> <span class='ocrx_word' id='word_1_295' title='bbox 1078 4045 1251 4116; x_wconf 74' lang='grc' dir='ltr'><strong><em>ηπαρα-</em></strong></span> 
     </span>
    </p>
   </div>
   <div class='ocr_carea' id='block_1_3' title="bbox 0 0 1384 4760">
    <p class='ocr_par' dir='ltr' id='par_1_4' title="bbox 0 0 1384 4760">
     <span class='ocr_line' id='line_1_36' title="bbox 0 0 1384 4760; baseline 0 5"><span class='ocrx_word' id='word_1_296' title='bbox 0 0 1384 4760; x_wconf 95' lang='lat' dir='ltr'><strong><em> </em></strong></span> 
     </span>
    </p>
   </div>
  </div>
 </body>
</html>
