2774 4756
1071 360 1141 476 ιιι

171 576 230 652 Τῆς
248 573 271 636 δ’
294 576 405 658 ἀρετῆς
423 576 537 658 ἱδρῶτα
555 573 626 638 θεοί
642 574 856 658 προπάροιθεν
876 573 998 652 ἔθηκαν

167 665 349 730 Ἀθάνατοι·
367 668 491 753 μακρὸς
510 668 540 730 δὲ
559 669 614 730 καί
633 666 741 749 ὄρθιος
761 669 849 750 ὀῖμος
868 670 907 730 ἐπ’
931 668 1047 748 ἀυτὴν,

170 759 234 820 Καὶ
251 757 366 843 τρηχὺς
383 760 420 822 τὸ
438 767 574 844 πρῶτον·
599 761 675 840 ἐπὴν
693 762 718 824 δ’
741 766 783 831 εἰς
802 761 900 845 ὰκρὸν
919 765 1024 837 ἵκηται
1030 810 1041 838 ,

164 852 283 928 ‘postte
301 851 326 914 δ’
349 852 451 915 ’ἔπειτα
469 857 567 926 σείει,
580 855 702 935 χαλεπή
719 877 775 942 περ
793 857 897 918 ἐοῦσα.
934 860 1000 934 (Ο.)

132 965 186 1047 12)
214 961 318 1058 πρὸς
340 962 410 1048 tte
431 969 493 1048 τίς
514 965 561 1035 ἂν
588 967 701 1060 παρὰ
730 965 909 1053 τούτων]
947 972 997 1035 Ita
1023 973 1133 1037 Lond.

139 1085 144 1098 “
216 1072 347 1154 optime.
364 1066 493 1162 πράσον
515 1077 600 1140 τισὶν
616 1068 634 1138 ὁ
649 1070 744 1163 παρὰ
758 1068 882 1140 τούτων
896 1074 973 1138 Ald.
991 1075 1022 1138 1.
1039 1074 1135 1138 vitio-
1155 1121 1158 1132 .

216 1174 336 1238 sissime
359 1186 391 1238 et
411 1176 498 1241 nullo
520 1197 626 1240 sensu.
649 1173 732 1267 πρὸς
757 1171 815 1254 oie
835 1176 884 1254 τίς
906 1170 925 1240 ὁ
946 1173 1039 1266 παρὰ
1059 1171 1135 1244 τοί-

216 1299 281 1343 των
331 1278 409 1342 Alo.
432 1279 466 1343 2.
488 1290 521 1342 et
542 1280 638 1344 Mon.
682 1278 756 1360 (Ο.)

128 1369 187 1461 13)
214 1381 441 1469 μᾶλλονδὲ
470 1377 562 1448 onies
591 1376 858 1469 ἐπιτιμήσεις
884 1375 980 1448 ὀίτι
1008 1376 1134 1448 κολά-

215 1484 322 1566 σεις]
358 1484 485 1554 Melius
499 1487 607 1549 Havn.
630 1487 771 1552 Μᾶλλον
797 1487 834 1552 δὲ
855 1478 930 1552 inite
951 1483 1134 1571 ἐπιτίμησις

110 1587 113 1594 ’
215 1581 290 1654 asise
303 1581 449 1670 κόλασις,
470 1601 506 1652 ut
527 1600 559 1653 et
579 1591 643 1654 hoo
664 1591 855 1670 respondeat
869 1586 1011 1671 sequenti
1025 1587 1135 1664 toton·

216 1685 323 1758 σώσει.
356 1689 507 1756 Ceteram
530 1695 641 1757 eodem
662 1703 849 1777 argumento
871 1704 983 1754 eontra
1005 1690 1133 1755 Stoicos

214 1815 290 1857 usus
313 1806 360 1858 est
381 1794 499 1861 Cicero
522 1799 560 1860 de
582 1799 665 1861 Fato
688 1796 771 1878 Cap.
794 1795 913 1858 XVII.
957 1793 1037 1857 Non
1055 1802 1134 1857 sant

217 1899 448 1982 igiturneqae
470 1902 697 1978 assensiones,
717 1919 825 1980 neque
846 1899 998 1962 actiones
1020 1895 1055 1956 in
1073 1915 1134 1956 no·

216 2005 291 2057 stra
310 2006 493 2079 potestate,
514 2021 558 2063 ex
580 2019 649 2081 qno
669 1995 842 2076 efficitur,
870 2004 909 2058 at
927 2013 989 2058 nee
1010 1989 1133 2054 laada-

217 2096 325 2159 tiones
347 2091 457 2162 inst'ae
476 2101 560 2177 sint,
588 2118 656 2162 vneo
679 2097 959 2178 vituperationes,
991 2111 1054 2156 nec
1075 2092 1133 2154 ho-

182 2187 332 2271 'nores‚
365 2217 427 2260 neo
462 2201 649 2280 supplicia.
704 2193 807 2275 Quod
831 2195 864 2256 si
895 2195 1051 2255 vitiosum
1070 2192 1134 2268 sit,

217 2292 444 2373 probabiliter
470 2297 637 2374 concludi
655 2305 796 2378 patant,
824 2315 892 2356 non
915 2293 1032 2354 omnia
1045 2288 1134 2368 fato

218 2388 317 2471 fieri,
339 2415 565 2479 quaeeunque
577 2397 681 2473 fiant.
711 2394 835 2460 Confer
849 2412 929 2476 quae
944 2387 1133 2454 Fredericus

217 2489 358 2577 Magnus
381 2497 598 2561 Bonussorum
625 2519 684 2562 rex
709 2509 821 2561 contra
842 2495 957 2558 librum
976 2493 1134 2558 famosum

216 2592 265 2655 tit.
288 2596 445 2682 Systema
457 2601 616 2667 Naturae
631 2601 768 2685 disputat
781 2600 812 2662 in
828 2596 975 2679 Epistola
995 2597 1035 2658 ad
1048 2592 1134 2658 Vol·

218 2697 344 2761 tarium.
381 2702 557 2784 Sohrfflen
577 2705 672 2770 Toni.
695 2704 747 2768 Vl.
766 2724 851 2786 pag.
874 2699 949 2763 119.
992 2688 1072 2779 (0.)'

133 2796 189 2877 14)
215 2805 282 2866 καὶ
301 2796 458 2870 τούτων
476 2805 678 2885 ἕκαστον]
700 2803 835 2868 Aldinae
856 2807 912 2870 καὶ
933 2796 1038 2892 τούτῳ
1060 2801 1135 2868 exo
1167 2803 1171 2816 '

218 2924 307 2969 στον.
350 2905 450 2970 Male.
1015 2961 1018 2965 .

134 3002 189 3084 15)
219 2997 300 3072 οὐδ’
331 3001 458 3086 ἆντὸς
485 3005 740 3096 ἀναίνομαι]
786 3010 897 3073 Verba
919 3007 1134 3092 Agamemno·

221 3106 269 3168 nis
292 3111 486 3190 deprecantis
507 3113 650 3176 iniuriam
673 3112 792 3192 Aehilli
811 3111 926 3176 illatam
954 3113 995 3174 ad
1015 3111 1133 3174 Nesto·

217 3228 285 3275 sem
307 3211 347 3275 Il.
370 3213 435 3277 IX.
458 3237 492 3279 v.
515 3219 588 3294 115.
611 3233 703 3300 seqq.

241 3327 281 3396 'a
300 3339 412 3420 γέρον,
431 3341 498 3402 bein
515 3340 630 3423 ψεῦδος
648 3341 726 3425 ἐμὰς
744 3341 823 3410 ἄτας
840 3341 1010 3416 κατθοξας.

241 3431 420 3515 Ἀασάμην,
439 3432 498 3496 ooo·
520 3436 613 3504 ἀστὸς
631 3436 809 3519 ἀναίνομαι.
849 3440 911 3508 (0.)

137 3563 221 3648 15α)
244 3561 293 3646 ὡς
329 3563 622 3661 ἀναμάρτητος
653 3565 807 3655 ἄντοῦ]
840 3571 991 3640 Fortasse
1013 3561 1056 3646 ὥς
1077 3559 1137 3634 οὐκ

219 3665 451 3764 ἀναμάρτητος
458 3723 466 3753 ,
502 3673 554 3738 vel
575 3672 680 3757 potius
703 3667 746 3752 ὡς
766 3668 991 3760 ἐναμοίρτητος
1021 3665 1137 3737 ἁντοῦ.

219 3775 336 3855 (Casp.
355 3777 475 3855 Orell.)

116 3875 194 3955 ,16)
223 3870 347 3942 ἀστοὶ
382 3878 457 3944 τῶν
493 3875 744 3963 γινομένων]
788 3873 841 3936 Sic
862 3872 943 3936 edidi
965 3892 1005 3935 ex
1027 3871 1135 3936 Havn.

220 3981 306 4047 Edd.
331 3973 438 4048 ιίντῶν
459 3981 522 4048 τῶν
542 3981 728 4066 γινομένων.
770 3975 843 4056 (0.)
