2804 4762
148 769 150 774 s
298 679 443 766 Λέγεται
454 673 495 760 δη
509 672 595 770 πρός
610 669 765 744 ἁπάντων
779 671 985 768 ἀνθρώπων,
1007 679 1134 754 κοιναῖς
1148 701 1182 743 τε
1197 680 1254 744 καὶ

210 795 214 804 ’
234 787 394 880 φασικαῖς
417 782 557 859 ἐννοίαις
578 773 801 906 ἐμμενόντων,
830 801 938 846 ταντα
952 775 1020 847 ἀπὸ
1035 773 1136 869 τύχης
1149 803 1183 848 τε
1198 784 1255 847 καὶ

233 887 295 954 τού
321 879 513 973 ἀντομάτον
530 884 711 970 γίνεσθαι,
740 910 765 950 α
779 878 906 961 ἀιτίαις
923 880 1035 951 ἀλλων
1049 883 1146 951 τινῶν
1159 907 1256 966 ποιη-

234 991 342 1108 τικριῖς
365 989 631 1112 προηγουμέναις
652 989 718 1069 ¹)’
702 986 888 1074 επιγίνεται.
935 981 1100 1054 Ὀταν
1061 1012 1143 1106 γαρ
1148 983 1255 1054 άλλον

234 1088 325 1170 τινός
338 1086 439 1183 χάριν
456 1092 615 1210 γινομένῳ
635 1095 699 1158 τινὶ
711 1086 758 1179 μὴ
776 1084 1080 1188 τούτοάπαντήση,
1102 1085 1143 1156 ὀύ
1157 1083 1257 1208 χάριν

235 1219 375 1280 εγενετο,
408 1191 491 1261 ἀλλο
514 1186 566 1277 δὲ,
578 1188 695 1276 ότὴν
715 1183 823 1320 μρχίγν
845 1195 929 1282 μηδὲ
953 1189 1123 1277 ἠλπίζετο,
1155 1194 1256 1262 τούτο

235 1293 303 1364 ἀπὸ
333 1293 433 1385 τύχης
454 1299 583 1383 λέγεται
608 1300 795 1384 γεγονέναι,
827 1292 909 1364 καθ’
934 1291 1019 1383 άντό
1041 1303 1103 1385 μὲν
1123 1292 1257 1383 γεγονὸς

235 1395 408 1479 ἀναιτίως,
430 1397 516 1466 κατὰ
536 1396 742 1488 συμβεβηκὸς
757 1393 791 1466 δ’.
804 1395 940 1486 έσχηκὸς
950 1379 1059 1467 ἀίτισν
1072 1396 1111 1467 τό
1126 1393 1258 1488 γενόμε-

234 1528 293 1572 νον
311 1499 355 1570 ἐπ’
376 1499 482 1569 ἀλλον
496 1505 619 1589 γενέσει
629 1497 729 1580 τινός.
757 1502 828 1570 Καὶ
845 1493 899 1568 ότι
913 1496 1067 1570 τοιοῦτόν
1073 1527 1113 1570 τι
1123 1505 1258 1588 λέγουσι

236 1602 354 1683 πάντες
368 1602 407 1672 τὸ
422 1600 594 1692 γινόμενον
612 1601 678 1673 ἀπὸ
690 1599 789 1693 τύχης
802 1603 852 1686 ²),
875 1606 976 1686 δῆλον
992 1605 1026 1686 ἐξ
1046 1595 1090 1673 ἀν
1107 1600 1258 1692 ὑποβάλ-

237 1712 333 1776 λονσι
353 1710 600 1796 σημαινομένων
620 1709 669 1797 ⁵),
700 1703 751 1786 όῖς
772 1703 848 1776 ἀπὸΙ
860 1703 961 1796 τύχης
981 1715 1068 1802 φασὶ
1088 1709 1258 1796 γίνεσθαι.

242 1807 419 1903 Θησαυρόν
438 1835 471 1878 τε
486 1806 551 1902 γάρ
568 1833 675 1904 φασιν
686 1806 752 1877 ἀπὸ
767 1805 867 1899 τύχης
881 1803 1194 1902 ένρηκέναιτινόι4),
1217 1807 1259 1877 ἀν

237 1911 341 1982 άλλον
350 1908 614 2005 χάρινόρύσσων
631 1914 681 1992 τίς
695 1937 784 1993 τινος
795 1915 842 1996 ⁵),
866 1909 935 1981 ἀλλ’
950 1911 988 1982 ού
1000 1939 1059 1982 τον
1044 1908 1258 2035 θησαυρὸν

237 2018 359 2109 έωρεῖν,
395 2019 572 2138 θησαυρῷ
580 2021 758 2138 περιπέσῃ
796 2013 915 2106 θμέν
897 2014 1000 2107 νγάρ
1020 2013 1142 2119 τούτων
1159 2011 1258 2135 χάριν

238 2115 406 2212 όρύσσων,
428 2116 488 2188 ούκ
510 2116 577 2188 ἀπὸ
599 2116 718 2208 τύχης·
741 2116 782 2188 όό
789 2117 864 2246 γάρ
877 2116 977 2212 χάριν
992 2113 1135 2212 ἇίρνσσε,
1157 2122 1257 2188 τοῦτο

239 2217 424 2306 ἀπήντησεν
439 2219 549 2314 ἀντῷ·
572 2251 597 2290 ω
584 2212 642 2289 δέ
652 2223 805 2312 μηδὲν
763 2249 822 2306 της
832 2225 987 2314 ένρέσεως
1000 2248 1060 2292 τον
1045 2226 1259 2317 θησαυροῦ

237 2324 346 2416 ἔμελε,
368 2292 520 2393 ποιοῦντι
538 2326 574 2392 δὲ
597 2323 701 2404 ἄλλον
719 2323 808 2405 τινὸς
830 2321 950 2417 χάριν,
971 2321 1137 2418 ηέόρεσις
1152 2324 1258 2410 ἀπήν-

238 2451 345 2510 τησεν,
368 2421 411 2507 ὡς
422 2431 515 2507 τέλος
531 2429 662 2510 ἐκείνου,
684 2429 802 2497 τοῦτον
817 2425 884 2496 ἀπὸ
894 2425 994 2518 τύχης
1005 2426 1063 2497 τὸν
1076 2428 1258 2523 θησαυρὸν

170 2515 171 2534 ¹
239 2533 410 2623 ένρηκέναι
426 2527 546 2610 πάντες
560 2534 720 2618 λέγουσιν.
759 2527 865 2600 Ἀλλά
879 2539 936 2600 καὶ
953 2530 992 2600 τό
1007 2529 1167 2625 ἀργύριον
1189 2530 1257 2602 ἀπὸ

186 2626 193 2639 ’
240 2629 339 2722 τύχης
363 2631 567 2723 κεκομίσθαι
589 2631 665 2702 τινά
693 2638 861 2722 λέγουσιν,
885 2629 967 2704 ὅταν
984 2638 1030 2714 εἰς
1049 2633 1109 2718 τὴν
1130 2632 1258 2730 ἀγοράν

239 2734 418 2825 προελθὼν
439 2734 544 2805 ἀλλον
562 2734 653 2816 τινὸς
662 2733 762 2828 χάριν
777 2735 935 2831 ἀργύριον
953 2738 1060 2828 ἔχοντι
1077 2738 1259 2832 περιπεσὼν

240 2841 287 2932 τῷ
299 2839 463 2934 χρεωστῇ,
485 2837 524 2907 τὸ
543 2835 759 2933 ὀφειλόμενον
773 2837 863 2936 ἀντῷ
878 2838 980 2934 λάβῃ·
1004 2844 1051 2936 τῷ
1062 2839 1126 2936 γάρ
1140 2848 1259 2936 προελΡ

240 2945 319 3012 θεῖν
334 2945 381 3021 έις
395 2940 455 3025 τὴν
469 2938 597 3037 ἀγοράν
614 2940 698 3013 ἀλλο
715 2969 749 3013 τι
769 2941 1014 3037 προηγούμενον
1034 2950 1129 3026 τέλος
1142 2947 1259 3035 ἔχοντι,
1310 3018 1317 3027 ,

155 3071 158 3077 ’
243 3041 282 3112 τὸ
296 3040 578 3139 προοφειλόμενον
593 3051 713 3136 λαβεῖν
734 3042 764 3130 ⁶)
787 3044 970 3131 ἀπήντησεν
976 3100 985 3131 ,
1009 3045 1053 3129 ὡς
1066 3054 1159 3130 τέλος
1173 3047 1262 3120 κατά

242 3145 452 3237 συμβεβηκὸς
474 3145 565 3244 ἀντῷ
580 3147 769 3240 γινόμενον,
801 3148 840 3218 τὸ
865 3158 925 3238 μέν
944 3151 1117 3236 ποιητικόν
1137 3150 1261 3236 ἀίτιον,

240 3249 280 3319 τό
295 3253 330 3318 δέ
346 3246 468 3320 τούτου
483 3256 577 3332 τέλος
597 3253 644 3336 7)·
666 3251 705 3322 οὐ
723 3251 788 3346 γάρ
806 3251 872 3321 ἀπὸ
887 3250 986 3344 τύχης
1000 3255 1049 3326 ἔτι
1066 3258 1193 3344 λέγεταί
1210 3282 1263 3337 τις

241 3353 281 3422 τό
298 3350 516 3449 ὀφειλόμενον
534 3358 721 3451 ἐιληφὲναι,
734 3359 772 3425 ,έι
787 3353 909 3428 τούτου
927 3355 1027 3450 χάριν
1044 3361 1090 3438 έις
1106 3357 1167 3443 τὴν
1180 3357 1261 3448 ἀγο-

243 3455 307 3549 ράν
320 3459 512 3549 προῆλθεν,
530 3451 583 3530 ότι
600 3458 640 3527 τὸ
647 3460 857 3552 προκείμενον
871 3457 961 3555 ἀντῷ
978 3459 1102 3548 τέλοςὴ
1117 3459 1262 3556 πρόοδος

244 3562 335 3651 ίσχεν
349 3565 389 3644 ⁸).
431 3563 501 3629 Καί
528 3557 669 3642 όῖππος
690 3566 725 3631 δέ
747 3559 942 3651 ἀντομάτως
966 3573 1035 3634 τισὶ
1058 3570 1194 3688 λέγεται
1207 3589 1263 3635 σε·

244 3667 402 3746 σῶσθαι,
426 3657 507 3734 ὅταν
521 3666 703 3759 τρσφῆςμὲ
704 3691 724 3734 ν
742 3665 906 3747 ἐλπίδι,
884 3695 906 3750 η
927 3665 1031 3738 ἀλλον
1046 3668 1135 3750 τινός
1150 3665 1261 3763 χάριν,

244 3764 403 3864 ἀποφύγῃ
429 3767 507 3847 τούς
531 3773 729 3894 κατέχοντρις
750 3767 869 3855 ἀντόν,
901 3767 1073 3870 ἀπαντὴση
1099 3770 1177 3842 δὲ’
1157 3775 1262 3843 αντοῦ

243 3875 283 3968 τῇ
298 3875 391 3968 φυγῇ
406 3877 462 3940 καὶ
470 3898 521 3965 τη
506 3868 696 3965 δρόμῳ
663 3896 710 3940 το
713 3879 783 3972 τοῖς
797 3869 973 3954 δεσπόταις
984 3882 1175 3965 περιπεσεῖν.
1189 3879 1261 3946 Καὶ

246 3979 277 4043 τί
306 3979 358 4044 δεῖ
381 3971 459 4057 ⁹)
443 3981 562 4063 υμῖν
554 3981 592 4043 πί
589 3978 651 4046 είω
679 3979 931 4068 παραδείγματα
957 3977 1262 4050 κατατίθεσθαι”
1239 4008 1261 4062 η
