2774 4756
229 307 289 377 326

230 479 284 560 13)
312 475 517 572 ἀορίστῳ]
540 478 615 546 ald.
631 480 726 544 habet
747 475 890 570 ᾇορίστω
912 481 977 544 sine
1000 479 1071 545 lota
1092 480 1230 546 subsui-

312 583 388 667 pto'‚
419 601 518 669 quare
540 583 676 650 Blochio
704 579 871 668 legendnm
904 583 1029 648 videaur
1059 577 1232 670 ἀορίστως.

309 686 356 752 At
377 688 458 751 hene
479 688 576 752 hahet
601 685 732 772 vulgata
753 685 861 750 lectio.
905 687 979 768 (Ο.)

228 790 283 871 tt)
311 783 361 869 ὦς
383 791 447 859 ἐπὶ
468 791 514 886 τῇ
534 791 613 857 τῶν
635 783 965 881 διαστρόφων]
950 785 1232 855 Meliora-edoctus

312 908 434 960 revoco
452 891 630 958 versionem
652 913 745 978 quam
766 891 875 955 dedi
860 913 895 958 m
918 893 1132 959 dissonantiis
1147 893 1230 974 (soil.

311 993 342 1061 in
364 995 504 1077 Musica)
525 996 615 1082 quasi
636 996 797 1082 legeretur
818 993 881 1062 τῶν
895 993 1117 1097 διαστροφῶν.
1160 997 1231 1060 Imo

310 1095 474 1190 Messon)
503 1097 567 1167 τῶν
589 1093 803 1192 διαστρόφων
827 1097 896 1162 scit.
923 1073 1158 1192 turpatam
1132 1099 1231 1184 signi-

310 1201 407 1268 ficare
422 1201 548 1268 videtur
562 1213 646 1268 artes
662 1224 773 1266 eorum
788 1223 925 1288 quorum
939 1203 1079 1265 membra
1093 1201 1228 1267 distorta
1242 1213 1248 1230 ⁴

308 1316 404 1383 sunt,
428 1325 462 1368 v.
486 1326 517 1369 c.
539 1305 816 1383 funambulorum,
840 1303 1025 1370 saltatorum
1047 1315 1078 1368 et
1096 1304 1230 1370 aliorum

189 1492 193 1504 ⁸
297 1399 345 1471 'id
359 1429 458 1492 genus
472 1407 762 1495 praestigiatorum.
806 1405 970 1492 Sprz'nger
990 1405 1062 1472 und
1073 1409 1232 1474 θανεῖτα-

313 1521 435 1578 nitente.
478 1511 551 1592 (0.)

228 1615 282 1694 15)
310 1613 504 1706 ἑρπετοῦ]
537 1615 737 1702 Serpentum
758 1612 854 1678 vertit
880 1610 1043 1680 caninius.
1087 1611 1231 1680 Possunt

308 1726 413 1780 tamen
430 1715 564 1812 intelligi
589 1705 682 1780 etiam
704 1714 825 1800 scorpii
842 1716 894 1780 vel
913 1715 972 1780 alia
992 1714 1117 1800 reptilia
1134 1736 1230 1780 vene·
1254 1729 1259 1740 ’

309 1830 394 1883 nata.
431 1818 506 1898 (0.)

227 1923 279 2003 16)
308 1922 435 1996 tinus
462 1929 571 2012 μὲν
563 1927 632 1990 καὶ
659 1923 724 1990 ἐπὶ
752 1922 849 2002 τῶν]
885 1919 947 2008 Sic
959 1921 1038 1986 Ald.
1060 1915 1231 2012 ἐνώθαμεν

207 2047 208 2052 ’
309 2027 448 2093 καὶτῶν
471 2023 557 2092 cod.
580 2027 689 2094 Ham

223 2129 280 2209 17)
308 2127 520 2215 γίγνεται]
557 2129 607 2193 Ita
629 2151 692 2214 pro
720 2129 871 2232 γίγνεται
893 2125 1056 2194 verissime
1086 2127 1230 2194 correxit

309 2229 493 2298 Blochius

225 2333 279 2414 18)
300 2324 389 2402 ’Ότι
417 2332 526 2402 κατὰ
557 2329 872 2424 σνμβεβηκός’
852 2334 991 2402 αἱτιον
1023 2330 1069 2402 τὸ
1095 2329 1230 2423 μάτην

309 2434 483 2524 γενονὸς
505 2439 616 2520 ἐστι]
642 2435 771 2504 Plenius
791 2439 856 2503 hoo
876 2437 1077 2524 persequitur
1097 2438 1228 2504 Aristo·

306 2538 353 2604 les
362 2541 416 2606 11.
436 2541 539 2624 Phys.
565 2539 649 2626 cap.
669 2543 733 2608 vl,
758 2539 859 2607 Conf.
884 2562 965 2626 quae
987 2539 1227 2606 observavimus

241 2705 247 2724 J
310 2645 349 2707 ad
370 2643 511 2708 Sallustii
531 2643 716 2728 philosophi
738 2635 879 2708 libellum
901 2646 940 2710 de
962 2643 1019 2708 diis
1042 2655 1073 2706 et
1094 2647 1225 2710 mundo.

181 2818 186 2830 ,
306 2767 384 2832 aas·
408 2747 483 2812 tao
527 2747 601 2827 (⁰)

223 2850 278 2930 9)
302 2843 494 2927 οὑτωςὸ
509 2847 792 2940 κατενεχθεὶς
813 2846 1226 2935 λιθος18ιανὼετεαιρίο

306 2950 406 3016 utitur
426 2949 498 3019 Ar‘
504 2950 667 3018 totelesl.
688 2951 713 3016 l.
739 2955 795 3018 καὶ
826 2945 845 3038 ᾇ
874 2951 1009 3048 τρίπους
1038 2945 1228 3038 ἇντόματος

307 3055 497 3134 κατέπεσεν,
539 3053 616 3138 ἔστη
643 3051 789 3148 μὲνγὰρ
818 3053 878 3122 τοῦ
899 3047 1133 3136 ναθῆσθαι”
1114 3078 1226 3134 ενεκεν,

305 3149 375 3224 αλλ’
399 3151 439 3224 οὐ
460 3180 550 3224 τον
541 3158 769 3240 ααῦἦσθαι“
751 3179 855 3226 ενεκεν
874 3158 1057 3225 κατέπεσεν.
1099 3157 1173 3238 (0.)

216 3269 275 3350 20)
303 3271 374 3336 καὶ
407 3264 425 3335 ὁ
453 3265 525 3336 διὰ
553 3263 726 3388 τροφὴν
739 3264 878 3336 ἕλθων
897 3261 1047 3350 ἵππος]
1091 3269 1225 3335 Brevius

303 3369 538 3442 Aristotelesl.
564 3367 629 3438 l·‘
613 3376 684 3440 οἷον
709 3365 728 3438 ὁ
751 3365 849 3450 ἵππος
873 3365 1073 3460 ἄντόματος,
1102 3377 1225 3466 φαμὲν,

306 3457 463 3556 ἦλθεν,ι
452 3464 506 3542 ότι
527 3469 642 3557 ἐσώθη
662 3476 756 3562 patr
741 3500 769 3542 ε
760 3471 868 3555 θὼν,
891 3498 930 3542 ον
945 3498 1003 3541 τον
988 3475 1176 3556 σωθῆναι
1189 3477 1225 3542 δὲ

303 3578 406 3643 ενεκεν
426 3562 545 3658 nitier·
589 3574 689 3642 Conl.
712 3575 814 3642 nostri
834 3575 950 3641 librum
973 3578 1011 3641 de
1034 3578 1115 3643 Fato
1139 3575 1222 3660 Cap.

304 3677 404 3744 v111.
448 3679 522 3760 (ο.)

220 3783 273 3868 tt)
303 3778 347 3847 τὸ
370 3783 413 3848 δὲ
435 3785 572 3866 λέγειν
594 3777 666 3863 τὴν
690 3757 1223 3874 τύχηνιᾶιτίανᾶδηλονᾶν-

302 3883 501 3974 θρωπίνῳ
524 3884 731 3976 λογισμῷ]
755 3899 788 3950 ut
807 3884 994 3956 definiebant
1009 3887 1222 3972 Anaxagoras
