2758 4760
1029 425 1086 486 tlt

80 594 222 644 coactam
246 601 313 644 csse
334 581 416 646 inter
439 604 548 648 causas
571 583 826 652 circumstantes:
851 612 914 655 non
936 593 1007 656 lore
1030 615 1085 657 an·

79 695 142 745 tem
163 671 248 748 inter
270 704 378 748 causas
402 686 636 750 circumstantes
660 689 704 774 ej,
744 692 798 774 qui
826 715 890 756 non
918 699 1087 759 secundum
1182 768 1185 774 ,

79 786 184 870 legem
212 799 298 871 agat.
344 787 408 869 Qui
430 809 508 851 vero
530 790 621 856 istam
643 793 759 859 habent
781 817 922 873 causam,
962 811 996 860 ut
1024 817 1091 862 non·

79 891 249 951 secundum
265 889 367 974 legem
383 904 495 974 agant,
521 887 661 955 evidens'
677 907 723 956 est
745 896 900 961 immerito
924 921 980 964 eos
1004 901 1086 964 vitn-

79 991 197 1071 perari.
244 991 418 1074 Quomodo
441 993 521 1056 enim
553 995 586 1057 id
607 1010 783 1073 merentur,
819 1023 889 1063 cum
910 1002 992 1066 inter
1014 1019 1088 1066 cau-
1173 1065 1184 1074 ,

78 1115 127 1156 sas
161 1094 344 1160 necessario
378 1096 630 1173 circumstantes,
681 1123 759 1182 quas
795 1103 951 1184 appetitus
988 1107 1088 1171 motio

1 1211 2 1230 ¹
77 1219 142 1260 non
164 1209 293 1278 poterat
314 1220 383 1260 non
403 1198 508 1281 sequi,
539 1221 602 1262 non
625 1202 722 1264 suerit
744 1203 823 1288 legis
844 1189 1008 1270 'efficientia
1030 1231 1089 1290 per

1 1347 2 1360 ,
79 1300 296 1362 necessitatem
319 1304 473 1384 quandam
502 1315 533 1364 et
561 1303 660 1365 satum
691 1306 798 1368 adesse
826 1307 1009 1388 prohibita?
1046 1315 1090 1374 Et

77 1403 121 1464 sic
143 1403 216 1478 lex,
244 1402 337 1466 etiam
359 1404 386 1466 si
407 1403 468 1466 sint
491 1389 545 1488 qui
567 1426 634 1468 eam
657 1411 814 1485 condant,
853 1410 907 1472 lex
928 1432 991 1474 non
1015 1413 1086 1489 erit,

77 1506 102 1568 si
127 1506 293 1568 dicendum
315 1505 369 1589 qui
390 1507 493 1593 legem
516 1522 706 1591 sequuntur,
731 1521 844 1593 parere
867 1512 896 1575 ei
910 1491 1088 1579 necessario

78 1604 108 1670 e't
132 1609 273 1692 quinon
296 1623 429 1691 parent,
465 1633 504 1674 ne
532 1625 663 1692 pareant
691 1615 875 1678 necessitate
905 1616 1009 1701 aliqua
1029 1618 1088 1680 im-

1 1745 2 1788 3
78 1711 192 1792 pediri.
239 1713 352 1797 Itaque
376 1714 474 1777 tuttlto
498 1715 606 1778 verior
628 1715 688 1778 erit
703 1716 754 1778 illa
770 1717 930 1782 collectio.
976 1720 1009 1782 Si
1024 1721 1086 1782 tale

1 1831 3 1874 3
77 1827 125 1877 cst
146 1816 283 1891 Fatum,
317 1817 377 1878 iam
405 1816 496 1910 'nulla
525 1829 573 1879 est
602 1820 673 1894 lex,
712 1820 836 1883 sublata
864 1833 966 1883 autem
994 1823 1084 1906 lege,
1121 1887 1127 1898 ,

77 1929 107 1980 et
131 1918 223 1980 simul
246 1918 365 1980 delictis
388 1932 537 2003 recteque
560 1921 654 1995 actis,
690 1943 751 1984 una
773 1923 919 1998 tolletur,
957 1925 1006 2003 (ut
1027 1926 1087 2006 ipsi

78 2033 202 2084 surnunt
225 2043 266 2083 ex
289 2021 474 2085 virationis
505 2044 573 2084 esse
598 2026 813 2107 consequens)
847 2025 946 2088 virtus
977 2039 1008 2088 ot
1038 2027 1086 2090 vi-

77 2124 152 2189 tium
187 2136 220 2185 et
253 2144 320 2186 csse
349 2123 465 2207 aliquid
488 2125 678 2188 'hominihus
707 2109 873 2190 lionestum
903 2150 939 2190 ac
971 2141 1083 2210 turpe,

1 2279 2 2282 ,
77 2225 233 2288 laudabile
263 2239 294 2288 et
324 2226 550 2314 vituperabile,
590 2241 621 2291 et
651 2229 795 2308 praemio
825 2239 878 2292 aut
906 2251 1011 2312 poena
1041 2231 1087 2294 di-

80 2351 187 2413 gnum.
260 2329 347 2394 Nihil
386 2352 466 2416 ergo
502 2330 562 2393 illis
603 2331 738 2394 ruanehit
777 2333 954 2395 conlectum
992 2355 1088 2418 argu·

1 2421 3 2432 ’
78 2429 269 2496 mentatione
308 2455 347 2494 ex
384 2434 461 2495 tanti
497 2434 623 2498 artificii
664 2433 965 2518 interrogationibus
1011 2457 1095 2500 con-x

78 2549 209 2598 structa.
277 2537 373 2616 Quod
402 2537 428 2599 si
457 2539 496 2598 ab
525 2537 633 2600 intimo
662 2535 834 2618 inceperis,
881 2551 1002 2619 proruet
1031 2560 1086 2601 eos
1141 2545 1147 2568 ‘

79 2661 113 2701 ea
150 2640 394 2722 consequentia,
445 2661 506 2722 qua
538 2640 638 2721 premi
674 2640 758 2701 aiunt
794 2661 871 2716 eos,
922 2639 976 2723 qui
1008 2663 1087 2722 pro-

78 2746 151 2805 bare
186 2754 342 2805 conantur
375 2747 413 2804 ab
452 2740 529 2824 ipsis
566 2742 636 2805 tolli
670 2743 703 2805 id
747 2747 834 2826 quod
871 2756 934 2826 est⁸
962 2744 993 2806 in
1028 2766 1087 2807 no-

77 2857 140 2907 stra
172 2829 344 2926 potestate.
411 2847 493 2907 Nam
527 2843 597 2906 cuin
631 2859 739 2925 aperte
773 2847 804 2908 id
838 2847 999 2910 latendum
1040 2847 1087 2909 di·

78 2961 169 3024 cant,
219 2947 297 3010 alios
330 2960 477 3014 accusent
516 2951 602 3030 quod
640 2949 717 3010 illud
756 2951 893 3025 tollant,-
941 2971 1006 3012 non
1039 2949 1086 3010 in-

76 3034 167 3113 terim
203 3051 308 3113 vident
351 3059 384 3112 se
428 3073 466 3115 eo
503 3050 573 3132 ipso
621 3051 721 3116 teneri
756 3053 842 3132 qarod
879 3053 1020 3135 effugere
1054 3074 1089 3114 so

79 3155 267 3218 existimant.
328 3156 409 3216 Nam
442 3155 469 3216 si
497 3175 561 3217 non
594 3166 665 3215 suut
698 3153 836 3234 praemia
863 3175 922 3215 nec
944 3176 1084 3234 poenae,

77 3279 134 3321 nee
156 3256 351 3320 laudationes
374 3256 498 3340 quidem
521 3269 591 3319 sunt
621 3268 651 3317 et
685 3256 944 3349 uituperationes.
991 3257 1088 3336 Quod

78 3361 103 3422 si
124 3361 184 3424 ista
214 3382 278 3422 nou
308 3371 380 3422 suut
412 3380 471 3421 nec
502 3372 631 3440 peecata
663 3364 752 3435 stint,
791 3381 850 3422 nec
879 3371 964 3420 neoto
990 3371 1086 3420 ‘actaz

79 3467 176 3545 Quod
199 3463 225 3525 si
247 3462 305 3525 ista
327 3485 392 3526 nou
415 3473 503 3537 sunt,
540 3484 599 3526 nec
620 3463 720 3526 virtus
743 3483 801 3524 nec
823 3461 945 3524 vitium.
992 3461 1088 3542 Quod
1134 3451 1136 3456 ⁵

77 3568 102 3630 si
124 3567 185 3630 ista
208 3585 272 3628 non
306 3578 396 3640 sunt,
437 3565 542 3626 dicunt
574 3565 634 3646 ipsi
662 3587 701 3628 ne
730 3566 817 3627 Deos
852 3563 977 3648 quidem
1006 3585 1087 3628 esse.

80 3672 124 3732 At
146 3671 225 3732 illud
247 3667 381 3750 primum
404 3668 489 3736 nttlla
514 3677 581 3732 esse
609 3666 748 3748 praemia
776 3668 938 3750 mulasque
968 3689 1087 3748 poenas

77 3775 222 3856 sequeitur
251 3793 291 3834 ex
325 3792 364 3834 co
398 3773 484 3854 quod
514 3782 624 3833 cuncta
647 3771 728 3832 Fato
757 3771 826 3832 ficri
853 3771 1016 3845 dicantur,
1054 3782 1088 3832 ut

78 3879 327 3943 demonstratum
362 3886 440 3936 ests
487 3874 593 3954 Quare
631 3873 706 3936 illud
744 3873 885 3936 ultimum
922 3887 956 3943 ut
974 3877 977 3886 '
994 3856 1086 3943 ahso-
