2804 4762
1090 411 1128 475 ai

123 587 227 642 status
238 575 342 662 inqno
351 586 434 652 sunt,
447 585 581 660 possunt
591 574 767 643 admittere.
790 569 888 660 and
897 577 926 642 si
936 599 972 644 ca
983 599 1048 646 non
1057 591 1132 664 sunt

11 707 12 710 ¹
124 681 317 758 necessario,
343 679 488 765 ambigue
503 679 614 764 igitur.
653 682 756 762 ‘Quod
773 703 853 746 neno
869 682 1015 768 ambigue
1030 682 1078 746 esi
1098 683 1131 746 in

124 785 245 868 aliquo,
259 785 290 848 id
301 806 364 848 non
378 796 426 848 est
440 807 480 849 ex
495 783 691 862 necessitate,
708 788 765 850 sed
779 787 867 870 quod
878 785 1020 868 ancipitis
1031 787 1071 852 sit
1080 785 1130 850 sat

124 890 265 954 multatis.
288 890 498 970 Quodautem
513 887 600 952 sicin
612 887 719 972 aliquo
731 900 790 966 est,
808 888 841 954 id
853 889 885 952 in
901 911 940 971 en
952 888 1056 975 potuit
1066 911 1133 954 non

124 1015 207 1058 esse.
242 994 303 1056 Est
317 992 398 1056 enim
414 995 563 1076 quodque
581 989 709 1054 illorum
722 991 754 1054 in
774 1013 814 1058 eo
833 991 866 1055 in
884 1015 948 1076 quo
965 1005 1033 1069 est,
1057 992 1132 1058 ideo

125 1097 199 1180 quia
215 1097 345 1177 perinde
364 1094 396 1158 in
415 1117 454 1158 eo
473 1117 542 1160 esse
563 1086 707 1176 poterat,
743 1107 797 1158 ant
815 1097 880 1160 hoe
900 1107 953 1158 aut
975 1099 1063 1180 quod
1083 1107 1133 1180 est

124 1211 239 1262 eontra
256 1199 417 1280 positum:
440 1197 473 1262 in
488 1219 553 1280 quo
569 1208 672 1260 autem
693 1217 804 1261 eorum
820 1198 953 1261 alterum
968 1221 1051 1263 nunc
1069 1211 1129 1276 est,

123 1323 188 1364 non
210 1300 340 1365 omnino
354 1300 533 1365 necessario
548 1300 580 1364 in
595 1321 634 1363 eo
647 1311 695 1362 est
709 1312 845 1384 propter
856 1301 1037 1364 facultatem
1055 1324 1132 1366 ven-

122 1404 245 1468 satilem
259 1407 469 1487 adutramquc
483 1415 605 1486 partem
620 1401 865 1468 contrariorum.
890 1404 979 1484 Quae
993 1425 1074 1468 vero
1084 1405 1133 1470 sic

122 1519 195 1570 sunt
212 1507 244 1570 in
262 1510 358 1572 rebus
368 1507 462 1586 ullis,
487 1528 524 1572 ea
540 1506 585 1570 ibi
606 1527 672 1571 non
687 1518 759 1570 sunt
773 1528 833 1589 per
848 1529 957 1572 causas
969 1507 1129 1590 proiectas

122 1622 153 1674 et
171 1610 362 1675 necessisate
386 1614 549 1677 ducentes.
594 1611 701 1693 Quare
720 1610 748 1674 ei
773 1612 878 1676 omnia
899 1633 980 1695 quae
1004 1612 1130 1679 suntin

121 1715 218 1776 rebus
244 1714 397 1778 utramvis
422 1711 657 1778 contraaiorum
677 1726 799 1796 partem
821 1715 964 1797 recipere
987 1715 1128 1792 idoneis,

122 1815 166 1880 ibi
188 1828 262 1880 sunt
284 1816 412 1900 ancipiti
430 1829 564 1894 eventu,
587 1817 643 1880 ubi
656 1828 750 1894 sunt,
775 1828 886 1882 etnon
903 1830 976 1882 sunt
991 1819 1046 1884 ubi
1063 1841 1130 1886 non

121 1931 215 1996 sunt,
250 1919 393 2004 sequitur
413 1919 576 2002 innmnera
598 1941 665 1984 esse
688 1941 801 1985 eorum
819 1942 899 2004 quiae
920 1933 1008 1986 sorte
1029 1922 1130 1988 ambi-

120 2045 184 2108 gua
213 2021 276 2086 sint
297 2023 448 2107 fiantque.
505 2023 697 2086 Absurdum.
713 2045 793 2088 vero
820 2023 859 2088 sit
881 2024 985 2088 dicere
1008 2025 1129 2108 pariter

121 2148 164 2190 ex
180 2125 370 2190 necessitate
393 2147 462 2190 esse
487 2125 520 2188 in
546 2125 652 2208 aliqua
672 2146 709 2188 re
730 2137 796 2188 tam
822 2147 859 2188 ca
888 2149 968 2208 quac
993 2128 1026 2190 in
1051 2150 1130 2192 con·

120 2229 256 2293 tranium
273 2229 359 2293 flecti
381 2240 559 2314 nequeunt,
583 2249 676 2313 quam
692 2249 729 2292 ea
746 2249 827 2312 quae
849 2229 963 2313 quovis
984 2241 1130 2312 tempore

35 2345 38 2358 '
120 2355 186 2396 non
207 2331 308 2396 minus
325 2331 372 2395 sic
390 2354 484 2416 quam
499 2332 590 2396 aliter
607 2352 641 2394 se
666 2333 783 2396 hahere
804 2344 951 2414 possunt.
995 2333 1030 2396 Si
1049 2333 1132 2398 enim

120 2457 202 2518 quae
227 2433 408 2516 necessanio
440 2447 514 2498 sunt
545 2435 577 2498 in
609 2434 734 2518 aliquo,
768 2436 847 2498 haec
873 2435 906 2498 in
935 2436 1128 2504 eontrarium

120 2537 236 2602 mntari
257 2558 322 2602 non
335 2548 498 2620 possunt,
522 2559 587 2604 non
608 2549 681 2600 sunt
701 2536 747 2602 ibi
767 2537 965 2602 necessarioa

140 2648 146 2662 ¹
598 2643 646 2704 Χ.

184 2744 305 2809 Dicere
326 2766 407 2808 vero
429 2743 565 2829 quodsi
586 2745 670 2810 Fato
698 2743 780 2810 fiunt
809 2744 913 2810 omnia
940 2765 1000 2808 nec
1026 2757 1135 2810 tamen

120 2848 193 2912 tolli
213 2848 248 2912 id
269 2852 356 2931 qnod
377 2860 409 2910 et
427 2860 537 2931 potest
558 2847 651 2924 fieri,
684 2850 832 2930 quodque
855 2848 1036 2934 ambiguum
1058 2861 1128 2928 est,

45 2935 48 2940 .
120 2951 194 3017 ideo
223 2955 312 3036 quod
338 2951 440 3035 possit
467 2951 499 3015 id
527 2952 619 3016 cmne
639 2950 716 3014 ,fieri
742 2954 829 3033 qnod
850 2953 935 3015 milla
956 2952 1130 3036 res'impe-

121 3052 207 3132 diat,
254 3055 421 3138 qinonainus
450 3054 521 3119 fieri
548 3053 672 3136 possit,
711 3037 860 3136 ‘quamvis
882 3076 947 3118 nnn
968 3055 1045 3132 flat,
1084 3057 1129 3122 eis

121 3179 204 3222 veno
228 3181 308 3243 quae
330 3157 414 3222 Fato
436 3158 537 3236 fiunt,
561 3156 639 3220 nihil
661 3155 836 3233 obstiterit,
862 3157 1029 3241 quominus
1052 3170 1139 3224 coni

118 3262 255 3327 tranium
277 3284 389 3328 eorum
411 3261 514 3326 fieret.
560 3261 668 3343 Quane
690 3281 727 3325 ea
749 3259 868 3325 etiamsi
890 3281 955 3326 non
976 3261 1128 3344 prov-eni·

122 3376 195 3442 ant,
219 3365 252 3428 in
276 3386 389 3430 eorum
410 3376 514 3428 tamen
535 3385 605 3428 esse
626 3384 759 3428 numero
781 3385 861 3446 quae
884 3385 952 3426 esse
974 3376 1139 3444 possunt,··

122 3479 154 3534 et
176 3479 212 3532 nt
233 3471 373 3551 probent
401 3467 479 3532 nihil
509 3467 669 3532 obstitisse
696 3467 862 3550 qinominus
885 3465 974 3544 aliter
995 3467 1126 3546 fierent,

120 3593 220 3638 unum
248 3572 382 3637 adferre
406 3582 624 3657 angmentum
657 3572 760 3656 quod·
776 3591 827 3634 res
858 3569 891 3634 id
922 3570 1139 3652 prohibentes·

120 3674 215 3739 nobis
248 3673 322 3739 sint
340 3673 492 3760 ignotae,
531 3695 601 3746 cum
629 3685 733 3737 tamen
761 3674 823 3736 sint
850 3673 999 3757 aliquae:
1043 3677 1140 3738 Nam¹

122 3799 204 3862 qliae
228 3798 339 3843 causae
362 3791 434 3841 sunt
455 3801 512 3842 eun
532 3775 692 3842 contraria
720 3776 788 3842 istis
817 3777 929 3840 fierent
954 3799 1000 3840 ex
1021 3779 1126 3854 Fato,

124 3870 369 3944 casdem'suisse
392 3903 500 3946 causas
522 3903 579 3946 eur
600 3881 660 3944 ista
682 3901 746 3946 nen
761 3879 896 3944 fierent:
919 3880 993 3964 quia
1007 3881 1126 3946 scilieet

124 3983 193 4048 fieri
222 3983 406 4066 nequibas„
432 3996 466 4048 nt
493 3983 525 4048 in
553 3983 661 4048 iisdem
691 3982 843 4048 adiunctis
865 3983 977 4066 positis
993 3995 1126 4051 'centra-
