2758 4760
107 547 257 631 aliquid,
274 547 298 611 ii
315 570 379 612 non
405 549 602 633 praedicunt
612 553 649 613 de·
671 551 785 614 suturis
808 553 971 637 omnibus,
997 567 1032 629 ut
1055 591 1110 634 ne-

108 651 249 714 cessario
270 651 399 718 futuris.
446 655 529 714 'lum
549 674 628 716 vcro
656 653 682 714 si
705 655 808 717 omnia
827 659 930 724 dicant
952 665 1020 730 Diis
1044 693 1112 738 esse

107 737 181 818 talia
203 765 237 815 ut
263 753 334 816 fieri
358 755 498 836 possint,
537 754 598 818 iam
625 767 656 817 et
681 777 760 840 quae
784 759 871 834 fieri
877 785 940 830 non
959 789 1111 852 possunt,

108 859 191 939 apud
220 856 309 918 Deos
334 869 425 920 erunt
450 857 523 920 talia
549 853 629 940 quae
655 859 726 924 fieri
746 877 898 942 possunt,
924 891 975 932 ac
980 889 1114 958 propte

108 967 161 1022 rea
188 975 255 1022 non
286 971 438 1040 poterunt
465 962 605 1042 probare
633 983 692 1044 per
724 969 981 1079 praenotionem,
1021 1001 1116 1062 quam

8 1077 9 1080 ’
75 1062 160 1128 Διιιι
180 1057 299 1124 hah'ent
326 1065 364 1126 de
391 1065 486 1124 rebus
507 1062 643 1138 futuris,
675 1067 779 1130 omnia
801 1091 881 1154 quae
902 1073 981 1139 fiunt
1006 1097 1114 1146 neces

107 1159 191 1228 sario
209 1164 292 1228 fieri
338 1165 372 1229 Si
391 1186 469 1228 vero
494 1177 604 1228 eontra
630 1172 843 1234 concesserint
865 1197 945 1258 quae
966 1181 1036 1246 fieri
1058 1209 1114 1252 ne

109 1244 248 1352 qrieunt,
274 1267 367 1330 etiam
389 1269 472 1348 apud
487 1267 577 1330 Deos
603 1289 670 1330 esse
693 1271 788 1350 talia,
813 1275 872 1338 iam
890 1281 1026 1360 primum
1041 1288 1115 1354 illos

9 1417 10 1428 ι
108 1372 276 1440 ostendere
303 1381 434 1450 oportet
463 1369 547 1432 illam
566 1371 671 1438 talem
695 1379 937 1468 praenotionem
961 1405 1030 1450 esse
1057 1412 1113 1454 eo·

105 1495 173 1536 rum
198 1494 279 1564 quae
301 1472 385 1555 fieri.
399 1475 571 1555 possunt,
596 1475 707 1539 deinde
730 1499 799 1544 eam
824 1481 893 1546 Diis
909 1489 1112 1558 'adscribere

104 1575 216 1658 Neque
244 1575 326 1638 enim
349 1575 476 1638 evidens
511 1588 575 1654 est,
611 1600 713 1664 neque
743 1584 841 1648 exiis
872 1610 952 1670 quae
973 1592 1053 1658 fiunt
1080 1597 1113 1660 ιιι
1160 1612 1167 1624 ·

105 1678 255 1742 confesso
274 1677 431 1758 positum,
448 1679 557 1744 ,talem
580 1682 819 1761 praenotionem
840 1689 1023 1769 futurorum
1045 1719 1113 1765 esse

8 1835 9 1864 ,
106 1784 189 1862 apud
211 1779 313 1843 Deos.
370 1764 416 1842 At
432 1803 496 1874 nos
522 1804 624 1866 neque
647 1785 869 1854 divinationem
898 1817 1001 1880 neque
1024 1801 1113 1868 Deo·

104 1881 172 1946 rum
197 1881 439 1965 praenotionem
465 1883 622 1962 tollimus,
661 1892 718 1952 sed
741 1907 839 1972 prout
864 1917 916 1960 res
942 1913 1053 1968 natura
1079 1929 1114 1972 se

103 1987 244 2064 habent,
268 1986 312 2050 ita
334 2003 390 2050 eos
412 1986 670 2072 praesignificare
693 1992 835 2060 dicimus.

542 2177 678 2243 XXXI.
776 2253 779 2260 ,

168 2297 283 2378 Neque
307 2297 400 2360 etiam
434 2295 602 2382 auferimus
631 2302 808 2369 homiuibas
834 2307 996 2377 utilitatem
1020 2331 1113 2400 quam

105 2421 145 2462 ex
180 2399 372 2462 divinatione
401 2420 514 2480 capere
542 2417 692 2481 possunt,
744 2409 815 2490 quia
845 2411 915 2479 fieri
942 2431 1050 2498 potest
1079 2435 1113 2486 ιιι
1200 2481 1201 2484 ,

102 2500 173 2584 quis
196 2501 315 2584 aliquid
338 2513 464 2577 caveat,
490 2506 577 2585 quod
599 2505 717 2590 alioqui
740 2514 898 2579 cariturus
914 2541 978 2584 non
993 2523 1111 2602 suerat,

8 2641 10 2646 ,
102 2603 252 2668 nisiDeo
275 2617 436 2668 monente.⁴
479 2605 524 2668 At
546 2606 592 2669 illi
614 2609 668 2691 qui
690 2611 753 2674 vim
776 2615 993 2686 divinatricem
1016 2629 1111 2707 attol

101 2707 187 2783 lunt,
229 2697 260 2768 et
283 2713 350 2770 eam
373 2708 499 2770 delendi
527 2723 642 2792 negant
675 2707 790 2794 posse,
830 2720 890 2785 uisi
920 2746 957 2786 ea
986 2729 1109 2794 ratione

101 2831 196 2892 quarn
217 2807 279 2894 ipsi
300 2823 475 2892 sequuntur
497 2823 528 2874 et
549 2813 613 2874 hoe
641 2825 771 2880 utuntur
800 2840 1006 2908 argumento,
1046 2856 1111 2916 quo

102 2911 208 2976 omnia
228 2911 368 2994 probent
385 2913 480 2976 Fato
476 2913 576 2998 geri,
601 2929 823 3002 praeterquam
845 2931 932 3008 quod
948 2933 1017 2995 reri
1035 2937 1113 3003 nihil
1198 2994 1200 2998 .

104 3013 229 3092 dicunt,
268 3015 365 3076 multa
387 3018 430 3078 de
447 3015 534 3078 Diis.
548 3015 654 3079 dicunt
683 3021 802 3124 alrsona
834 3039 865 3088 et
887 3030 956 3094 Diis
987 3037 1112 3102 minime

103 3103 337 3198 convenientia.
383 3119 555 3197 Quomodo
579 3119 659 3182 enim
682 3145 746 3186 non
770 3126 831 3188 sint
854 3133 990 3214 absona,
1031 3161 1110 3224 quae

101 3218 146 3282 illi
176 3221 213 3282 de
243 3217 312 3282 Diis
343 3217 471 3281 dieunt?
519 3221 601 3285 Cum
632 3223 712 3288 enim
741 3228 838 3312 aliqui
870 3237 1021 3303 adversus
1054 3265 1110 3308 eos

104 3322 281 3406 disputant,
321 3343 377 3384 cur
408 3321 434 3383 si
463 3335 575 3386 cuneta
603 3328 641 3388 de
670 3332 856 3396 necessitate
877 3336 974 3416 fiunt,
1015 3367 1110 3426 quae·
1177 3331 1178 3334 ι

104 3427 174 3486 dam
198 3425 328 3487 oracula
350 3410 492 3486 dentur
483 3447 515 3487 ιιι
538 3428 660 3493 consilii
689 3435 835 3512 modum,
874 3442 963 3522 quasi
992 3448 1046 3529 qui
1075 3471 1112 3516 ea

104 3527 253 3604 audiunt,
300 3527 423 3608 possint
458 3529 500 3591 ob
529 3527 561 3590 id
593 3534 681 3613 quod
713 3536 877 3602 audierunt
909 3545 1026 3628 aliquid
1058 3568 1111 3618 aut
1208 3599 1211 3609 ,

104 3649 218 3693 cavere
241 3641 294 3691 aut
299 3630 442 3706 facere,
476 3642 507 3693 et
529 3633 567 3692 ad
588 3633 653 3712 hoc
674 3637 820 3702 adferunt
843 3647 1005 3728 qraeulum
1026 3655 1110 3722 Laio
1205 3703 1208 3712 ,

104 3733 210 3795 datum
231 3753 292 3816 per
306 3735 394 3816 quod
408 3732 531 3852 Apollo
547 3735 682 3813 Pythius
707 3735 776 3804 euin
799 3760 966 3814 moresne
989 3755 1109 3823 liberos

106 3848 212 3898 serat:

136 3947 140 3952 ·
251 3935 254 3944 '
799 3949 817 4009 t
