2728 4758
1078 407 1138 472 tls

130 575 254 639 risuum
268 575 392 638 Venus.
435 576 481 638 At
503 574 638 640 veroin
661 577 786 648 Arabia
808 589 838 640 et
859 577 890 641 in
907 577 1055 642 Osroene
1075 597 1140 639 non
1226 613 1229 622 =

130 679 237 742 solum
258 677 489 740 interficiuntur
512 679 693 755 adulterae,
729 681 785 742 sed
806 699 864 743 neo
886 681 1011 762 impune
1032 681 1140 744 serunt

4 813 5 820 κ
117 799 212 864 'quae
242 779 454 862 suspicionem
485 781 525 842 de
547 802 580 843 se
604 784 768 846 dederunt.
826 783 925 866 Apud
945 783 1085 847 Parthos
1108 793 1140 848 et

131 882 303 948 Armenios
326 883 513 948 occiduntur
531 883 725 966 homicidae,
749 885 905 948 interdum
927 906 986 967 per
1006 885 1136 961 iudices,

130 985 288 1050 interdum
315 1007 375 1068 per·
405 1008 516 1049 eorum
544 981 744 1070 propinquos
775 988 828 1071 qui
857 988 1014 1051 interfecti
1034 987 1137 1053 sucre.

130 1090 176 1153 At
197 1089 224 1152 si
247 1089 316 1174 quis
339 1089 533 1152 interfecerit
553 1111 688 1154 uxorem
711 1113 822 1166 suam,
856 1103 908 1154 aut
930 1092 1062 1155 fratrem
1084 1091 1168 1174 qui1

127 1192 249 1256 liberos
274 1213 340 1255 non
365 1193 500 1268 haheat,
517 1271 520 1275 ι
540 1205 593 1284 aut
615 1213 761 1256 sororem
783 1193 966 1276 innuptam,
998 1207 1056 1257 aut
1076 1194 1138 1258 ffli-

129 1317 201 1371 um,
237 1307 291 1358 aut
311 1295 429 1370 liliam,
469 1295 495 1357 is
519 1317 536 1358 a
558 1295 680 1358 nemine
711 1309 892 1373 accusatur,
932 1299 1019 1380 quod
1039 1297 1081 1362 ita
1104 1319 1138 1362 se
1195 1358 1198 1364 ,

127 1399 241 1462 habeat
262 1399 316 1460 lex
335 1397 466 1462 istarum
488 1400 675 1483 regionum3
700 1411 812 1463 eontra
827 1402 912 1478 vero,
928 1401 1013 1481 apud
1035 1401 1137 1463 Grae·

126 1523 186 1565 eos
222 1514 253 1565 et
282 1503 447 1565 Romanos
482 1501 625 1586 graviori
659 1523 781 1584 poenae
814 1502 1039 1579 subiiciuntur,
1079 1487 1139 1586 'qui

127 1605 329 1689 propinquos
365 1617 419 1667 aut
446 1605 642 1668 necessarios
676 1627 751 1668 suos
789 1605 974 1681 occiderint.
1039 1606 1138 1687 Apud

131 1709 234 1772 Atros
258 1707 312 1792 qui
333 1708 456 1772 furatus
478 1708 574 1771 suerit
596 1721 745 1792 quantum
772 1710 886 1774 obolus
917 1709 1019 1784 valet,
1058 1708 1137 1790 lapi·
1178 1781 1184 1795 Ι
1250 1709 1253 1718 ’

125 1813 233 1874 datur.
290 1811 390 1892 Apud
419 1811 607 1874 Bactrianos
638 1811 691 1894 qui
720 1811 877 1875 modicum
911 1813 987 1894 qnid
1011 1812 1136 1884 furatus

125 1914 245 2002 luerit,
277 1899 487 1996 conspuitur:
512 1916 597 1996 apud
617 1915 782 1978 Romanos
805 1915 947 1996 vapulat.
990 1914 1045 1978 Ab
1068 1915 1137 1978 Eu·

124 2019 239 2101 phrate
266 2017 367 2080 fluvio
399 2035 500 2099 usque
529 2017 569 2079 ad
599 2016 762 2080 Oceanum
792 2017 977 2080 orientalem
1000 2016 1056 2100 qui
1077 2039 1137 2099 per
1228 2013 1231 2021 ’

125 2119 307 2184 convitium
329 2119 510 2202 appellatur
530 2119 688 2184 homicida
711 2131 764 2182 aut
784 2119 856 2196 fur,
881 2141 945 2182 non
968 2121 1136 2184 admodum

124 2235 314 2300 succenset,
360 2235 393 2285 at
411 2221 479 2305 'qui
510 2221 701 2305 pullipremo
735 2219 850 2285 dicitttr
879 2221 906 2284 is
935 2243 969 2284 so
998 2222 1138 2288 vindicat
1232 2259 1233 2262 ¹

125 2327 221 2391 etiam
244 2329 354 2412 caede,
406 2326 506 2408 Apud
528 2327 672 2390 Graecos
696 2325 789 2390 etiam
803 2325 1003 2408 ¹sapientibus
1026 2325 1136 2407 culpae

85 2432 86 2438 ’
124 2449 190 2494 non
214 2431 329 2505 dante,
353 2429 382 2492 si
401 2429 538 2492 habeant
559 2429 591 2491 in
615 2429 774 2492 artioribus
796 2451 937 2513 pueros3
961 2440 993 2492 at
1013 2427 1046 2491 in
1070 2427 1136 2494 ori·

127 2545 200 2596 ente
224 2533 337 2616 quibus
360 2533 407 2596 sie
427 2519 553 2594 illusum
576 2544 641 2608 est,
673 2533 700 2595 si
722 2551 773 2594 res
796 2543 954 2616 patescat,
988 2522 1135 2598 afratri-

123 2637 210 2712 bus,
229 2649 283 2698 aut
304 2635 449 2717 patribus
472 2647 526 2698 aut
546 2635 735 2719 propinquis
759 2647 929 2711 necantur,
966 2655 1003 2697 ae
1024 2655 1063 2698 ne
1085 2657 1136 2698 se·
1192 2659 1200 2679 =

122 2740 255 2822 ptdtura
275 2739 426 2825 quidem,
463 2737 524 2802 nisi
546 2739 738 2802 clandestina
761 2738 847 2823 digni
868 2740 1038 2802 habentur.
1090 2739 1137 2802 At

100 2844 211 2925 'apud
243 2843 355 2906 Gallos
386 2841 480 2906 etiarn
509 2843 631 2904 nubunt
663 2841 910 2918 adolescentuli,
950 2854 981 2906 et
1009 2841 1136 2925 quidem
1216 2841 1220 2852 ‘

119 2945 250 3028 palam,
288 2967 353 3009 non
381 2957 473 3027 turpe
502 2947 652 3008 ducentes
675 2947 719 3010 ob
740 2945 844 3030 legem
867 2947 952 3027 apud
973 2945 1061 3028 ipsos
1083 2965 1136 3008 re-

46 3111 50 3126 ,
124 3061 261 3132 ceptam.
306 3049 420 3134 Neque
440 3069 520 3112 vero
543 3047 614 3112 fieri
634 3059 764 3130 potest,
800 3059 837 3110 ut
866 3067 994 3122 omnes,
1028 3047 1086 3131 qui
1102 3047 1136 3112 in

127 3152 233 3218 Gallia
261 3151 308 3216 sic
334 3151 471 3234 turpiter
498 3163 693 3227 tractantur,
732 3150 763 3215 in
793 3151 939 3236 genitura
969 3151 1136 3216 habuerint

123 3255 314 3321 Luciferum
335 3266 366 3318 et
389 3256 589 3320 Mercurium
617 3254 649 3318 in
671 3253 837 3320 domiciliis
862 3253 990 3317 Saturni
1012 3266 1043 3315 et
1064 3252 1136 3316 fini·

124 3361 186 3423 bus
216 3357 333 3422 Martis
363 3360 530 3422 obeuntes.
574 3360 613 3423 In
643 3357 805 3449 Britannia
834 3356 924 3423 mttlti
952 3354 1015 3420 viri
1041 3377 1135 3418 tinam

125 3483 261 3528 uxorem
274 3463 408 3538 habent,
433 3461 465 3524 in
481 3461 612 3525 Parthia
627 3463 742 3525 mutae
757 3469 885 3525 nexores*
898 3481 994 3522 unum
1017 3458 1132 3533 virum,

109 3576 160 3628 et
181 3564 425 3648 omnespudiee
448 3585 482 3627 se
498 3578 639 3649 gerunt,
665 3578 696 3628 et
718 3565 789 3628 viro
813 3563 963 3628 obediunt
985 3565 1130 3647 exlege,

120 3689 207 3752 quae
229 3680 277 3732 est
299 3665 359 3732 illis
381 3667 412 3730 in
434 3667 532 3746 locist
572 3667 755 3732 Amazones
776 3666 968 3732 veromros
991 3687 1054 3728 non
1076 3667 1133 3728 ha-

125 3772 223 3848 bent,
248 3774 305 3833 sed
325 3785 361 3834 ut
383 3783 469 3834 muta
489 3769 657 3840 animantia
678 3771 775 3850 semel
798 3791 880 3834 anno
899 3769 985 3834 eirca
1001 3789 1132 3832 vernum

127 3873 361 3958 aequinoctium
394 3893 541 3960 egressas
573 3874 726 3956 proprios
759 3874 837 3936 fines
873 3893 943 3936 eum
974 3871 1132 3948 finitimis,

124 3977 181 4060 qui
203 3997 275 4042 eum
296 3977 378 4042 diem
399 3978 514 4042 festum
534 3977 673 4056 habent,
721 3977 882 4040 Venerem
908 3974 1059 4060 iungunta
1095 3997 1137 4039 ex
