2758 4760
1065 439 1123 501 lul

111 602 240 667 extendi
268 605 349 664 hanc
377 603 591 685 ‘rpraeslionem
622 603 715 668 facile
748 599 916 691 intelligas.
973 607 1054 670 Nam
1088 619 1119 670 et

112 707 302 790 Theologus
326 717 457 788 quaeret
475 709 736 788 quemadmodum
754 711 962 792 Providentia
985 734 1035 774 res
1058 714 1118 775 hu-

112 831 217 873 manas
238 810 412 894 gubernet,
437 809 529 871 etiam
553 831 602 874 an,
618 811 722 874 omnia
749 813 874 890 definite
892 826 924 876 et
950 836 991 877 ex
1009 835 1118 878 neees-

109 912 256 992 c'essitate
289 911 366 973 liant
394 932 475 995 quae
500 911 597 989 fiunt,
632 925 667 976 ut
698 914 751 978 illa
784 937 864 999 qtrae
892 916 998 979 insunt
1022 919 1119 979 rebus

5 1037 7 1092 ξ
108 1014 263 1091 aeternis,
302 1035 341 1076 an
363 1036 443 1078 vero
470 1015 532 1077 sint
562 1027 594 1078 et
619 1020 771 1099 quaedam
796 1031 926 1082 eventus
953 1019 1114 1102 ancipitis,

108 1139 248 1202 quorum
270 1117 425 1202 originem
451 1119 491 1180 ad
523 1139 632 1180 causas
658 1120 864 1206 particulares
895 1122 1011 1189 etalio
1037 1133 1118 1186 tem·

107 1244 188 1305 pore
215 1221 305 1284 aliter
325 1243 359 1284 se
380 1222 532 1284 habentes
553 1220 675 1285 referre
699 1234 860 1304 oporteat,

160 1326 238 1388 ‚Sed
258 1346 360 1408 neque
384 1323 477 1406 plane
499 1323 594 1386 rudes
616 1325 756 1406 reperias
783 1324 994 1410 cogitationes
1017 1349 1114 1410 super

5 1439 6 1442 ’
105 1429 187 1491 hanc
205 1427 421 1511 qrraestionem
446 1426 631 1512 negligere3
653 1428 711 1490 sed
736 1427 848 1491 ethos
872 1428 1018 1512 quidem,
1044 1442 1114 1494 tan·

100 1552 201 1614 qnam
223 1529 328 1593 omnia
352 1530 429 1592 fiant
451 1529 630 1595 necessario
665 1551 702 1592 ea
735 1551 814 1614 quae
845 1543 978 1612 peccant
1008 1532 1114 1615 impu-

105 1645 173 1695 tare
197 1633 303 1709 Fato,
342 1645 396 1695 aut
424 1617 644 1714 prodidentiae
675 1632 798 1699 divinae
825 1645 879 1696 aut
909 1634 1041 1718 geniali,
1080 1647 1116 1698 ut

5 1823 6 1832 ἵ
106 1736 158 1799 ille
185 1736 240 1820 qui
260 1735 371 1799 inscite
397 1739 480 1818 apud
503 1735 681 1799 Homerum
704 1734 779 1798 dicit

180 1867 416 1884 -----
452 1841 523 1892 Non
541 1840 588 1891 lrte
606 1857 660 1906 ego
681 1857 786 1905 causa,
806 1841 859 1894 sed
875 1847 937 1910 ipre

180 1946 295 2013 Iupiter
314 1961 348 1996 ae
366 1943 470 1996 Fatum
490 1961 614 2012 quaeque
633 1918 826 2010 aere¹regnat
843 1944 987 2016 Erinnys.

106 2045 201 2108 Alios
228 2065 330 2120 vero,
355 2045 443 2108 velut
463 2043 580 2127 aliquid
601 2043 642 2106 sit
663 2043 695 2105 in
717 2054 828 2107 nostra
851 2055 1028 2126 potestate,
1051 2041 1113 2128 op

101 2169 225 2230 ponere
247 2169 281 2210 se
301 2147 405 2212 omnia
423 2146 601 2210 necessitati
622 2145 876 2222 subiicientibus,
908 2147 990 2210 velle
1009 2159 1113 2210 autem

106 2264 140 2314 ut
156 2273 217 2314 nos
234 2250 313 2334 ipsi,
347 2262 460 2333 utpote
486 2250 540 2336 qui
565 2273 582 2312 a
604 2249 697 2314 nobis
720 2248 796 2332 ipsis
815 2271 1018 2326 moveamur,
1039 2271 1110 2317 cu·

91 2347 171 2418 'ram
194 2376 352 2418 sauuamus
373 2352 577 2419 institutionis
599 2366 630 2417 et
653 2351 791 2418 virtutis.

563 2770 593 2849 §a
618 2760 651 2835 l,

168 2877 251 2947 cum
286 2889 365 2964 ergo
395 2865 476 2940 ¹haee
508 2869 650 2960 quaestio
683 2886 802 2951 tantam
827 2877 892 2940 uim
927 2872 1041 2940 habeat
1074 2870 1114 2940 ad

57 3005 62 3019 ·
104 3003 229 3048 omnem
253 2983 367 3058 uitam,
401 3001 520 3064 operae
546 2979 681 3061 pretium
703 2961 784 3041 ‘nrilri
814 3001 882 3043 esse
911 2981 1037 3044 uidetur
1062 3002 1114 3043 ar-

65 3129 72 3136 ·
104 3099 255 3174 gumenta
287 3084 467 3148 necessitati
502 3095 613 3146 cuneta
650 3095 833 3164 supponere
865 3083 1039 3146 volentium
1076 3103 1114 3146 ea

103 3212 185 3275 (prae
211 3174 345 3252 maitime
368 3187 561 3250 audientibus
584 3185 747 3270 negotium
770 3185 875 3248 facere
903 3198 1055 3268 possunt,
1081 3197 1112 3248 et

104 3315 267 3376 exponere
295 3303 326 3354 et
353 3291 540 3354 dissolvere.
591 3287 674 3354 Cum
703 3301 806 3352 autem
835 3301 1019 3374 argumenta
1045 3287 1110 3352 eius

96 3395 229 3482 'generis
261 3395 322 3458 sint
352 3397 437 3469 duo,
477 3390 608 3456 alterum
635 3392 736 3477 magis
769 3391 801 3454 in
832 3391 1041 3472 disputatione
1082 3403 1113 3453 et

103 3499 231 3574 verbis,
269 3499 400 3562 alterum
431 3495 532 3580 magis
564 3495 596 3557 in
631 3499 726 3558 rebus
759 3506 806 3557 est
835 3494 974 3576 positum
988 3518 1010 3568 ;·
1033 3493 1111 3556 illud

102 3605 191 3686 quod
214 3613 261 3663 est
284 3599 544 3682 disputatorium,
574 3599 735 3675 materiam
758 3598 842 3680 capit
862 3599 900 3659 ab
926 3597 1029 3678 aliqua
1050 3605 1110 3659 no*-

104 3694 243 3770 strarum
272 3703 452 3778 actionum,
485 3691 561 3784 puta
589 3702 762 3775 messione,
798 3702 831 3776 in
864 3702 947 3762 hunc
968 3702 1108 3762 modum.

104 3808 140 3872 Si
164 3819 280 3882 metes,
306 3829 370 3870 non
393 3806 478 3869 forte
500 3816 598 3868 metes
624 3814 655 3865 et
678 3815 742 3865 non
766 3815 881 3878 metes,
908 3803 963 3865 sed
986 3801 1114 3865 omnino

106 3924 225 3986 metes,
256 3923 293 3972 ‘et
314 3909 341 3972 si
362 3931 425 3972 non
448 3903 480 3972 e's
507 3926 689 3982 messurus,
728 3888 916 3987 parimodo
943 3924 1010 3968 non
1028 3904 1113 3966 sorte

106 4027 226 4092 metes,
273 4013 359 4077 sorte
397 4029 461 4076 nou
493 4023 609 4087 metes,
659 4011 714 4072 sed
741 4008 869 4072 omnino
903 4031 968 4073 non
1000 4015 1111 4070 metes.

779 4111 817 4196 n
