2758 4760
268 398 329 460 130

264 561 363 658 χάριν
391 563 432 634 δν
459 563 631 662 ἀπαντήσῃ
660 569 693 632 ἐκ
724 568 782 633 τοῦ
810 563 967 635 σκάπτειν
989 569 1170 658 θησαυροῦ
1190 591 1277 648 τινος

270 664 409 760 ἑύρεσις,
446 665 513 737 άπὸ
540 666 638 760 τύχης
660 677 770 762 φαμὲν
791 666 851 752 τὴν
872 666 997 762 ίύρεσιν
1017 671 1077 736 τοῦ
1099 674 1276 761 θησαυροῦ

268 776 452 858 γεγονέναι·
486 769 546 840 οὐκ
567 770 634 840 άπὸ
655 769 754 861 τύχης
775 775 828 854 δὲ,
851 775 878 840 ἐι
900 768 1020 840 τούτου
1039 767 1138 863 χάριν
1160 772 1277 846 ἕσκειπι

268 900 331 943 τεν.
379 871 461 942 Τότε
482 873 627 968 μὲνγὰρ
649 863 690 958 ἦν
712 873 750 943 ού
772 874 860 942 κατά
880 871 1087 963 συμβεβηκός
1114 872 1154 942 τὸ
1177 871 1278 942 σκάπ-

268 1003 335 1045 τειν
356 1005 415 1060 της
443 981 595 1100 εὐρέσεως
626 975 753 1060 άίτιον,
789 971 895 1070 ὥσπερ
926 975 1072 1046 οὐδὲτὸ
1101 980 1277 1071 φυτεύσαι·

267 1086 325 1148 νῦν
347 1086 382 1150 δὲ
368 1082 490 1149 ὲκατά
512 1080 734 1171 συμβεβηκὸς,
757 1078 795 1148 ού
810 1079 874 1204 γάρ
889 1077 1006 1148 τούτου
1019 1077 1155 1174 χάρινέχ
1144 1083 1280 1168 χίχνετο.

265 1178 315 1250 Η
324 1188 405 1270 χοῦν
427 1182 507 1274 τύχη
530 1189 599 1252 ἐστὶ
612 1183 651 1251 τὸ
663 1181 749 1254 κατὰ
763 1187 956 1276 προαίρεσιν
970 1181 1161 1272 χιχνύμενον
1169 1235 1178 1265 ,
1200 1176 1279 1252 ὅταν

267 1283 374 1354 άίτιύν
394 1313 488 1367 τινος
505 1292 637 1374 χὲνηται
659 1285 746 1355 κατά
767 1283 1034 1375 συμβεβηκὸς,’
1014 1288 1159 1383 αορίστῳ
1182 1291 1223 1369 ¹³)
1244 1290 1278 1356 δὲ

222 1399 223 1404 ’
268 1388 317 1456 ἀεὶ
339 1387 446 1458 άίτιον
467 1387 571 1470 ὁύτως
592 1390 631 1458 τὸ
653 1389 742 1468 τινὸς
767 1387 866 1482 χάριν
893 1385 1084 1479 γιγνόμενον
1117 1393 1261 1477 γίγνοιτο
1268 1441 1277 1472 ,

266 1500 323 1559 καὶ
345 1495 392 1578 ε’ίη
414 1484 496 1577 δίνη
519 1491 598 1584 τύχη
620 1490 712 1562 άιτία
733 1490 820 1568 κατά
842 1489 1065 1580 συμβεβηκός·
1087 1490 1149 1583 οὐχ
1170 1489 1279 1570 ἁπλῶς

265 1598 321 1676 δὲ,
343 1592 452 1665 ἀλλ”
437 1621 470 1664 ιν
492 1601 562 1676 τὀῖς
582 1602 765 1680 ποιητικοῖς
787 1601 857 1676 τοῖς
879 1591 971 1664 ἕνεκά
992 1621 1052 1664 του
1066 1600 1279 1684 γιγνομένοις,

267 1706 323 1768 καὶ
345 1696 473 1767 τούτων
491 1701 524 1768 ἐν
544 1704 615 1778 τοῖς
636 1697 723 1767 κατά
742 1700 945 1821 προαίρεσιν.
977 1696 1098 1767 θύ
1059 1726 1125 1824 χορ
1149 1703 1279 1820 λέχρμεν

267 1800 307 1870 τὸ
329 1800 396 1870 άπὸ
416 1797 516 1891 τύχης
547 1804 581 1871 ἐν
609 1809 679 1883 τοῖς
707 1801 793 1871 κατά
819 1799 923 1897 φύσιν
943 1806 1165 1926 χιχνομένοις,
1202 1794 1279 1870 ὅταν

268 1902 352 1973 ἄλλο
374 1931 407 1972 τι
428 1903 522 1997 παρά
542 1902 600 1974 τὸν
620 1932 679 1989 της
700 1903 829 2000 φύσεως
851 1904 976 1974 σκοπὸν
995 1910 1150 1992 χίνηται,
1179 1897 1278 1996 ὥςπερ

265 2006 310 2076 τά
330 2013 470 2101 τέρατα·
505 2015 562 2077 καὶ
582 2005 646 2101 γάρ
667 2005 792 2077 τούτων
814 2011 884 2078 ἐστὶ
902 2017 963 2098 μὲν
985 2006 1022 2075 τὸ
1046 2005 1150 2100 φύσει
1172 2002 1279 2096 χιχνὸ-

265 2137 363 2199 μενον
385 2108 472 2180 κατὰ
494 2109 700 2200 συμβεβηκὸς
720 2109 846 2180 άίτιον·
883 2109 922 2179 ού
951 2108 1016 2200 μὴν
1044 2107 1146 2231 τύχης
1174 2114 1279 2180 τούτο.

173 2229 184 2242 “
262 2209 350 2283 ἶἈλλ
375 2205 491 2286 οὐδ
466 2242 510 2284 ων
531 2211 573 2282 τά
595 2212 682 2282 κατά
702 2219 815 2341 τέχνην
832 2210 992 2333 χινύμενα
1012 2212 1103 2281 κατά
1118 2217 1279 2304 συμβεβη·

266 2315 324 2396 κὸς
352 2314 442 2386 άίτια
470 2322 619 2437 χένηται,
659 2313 702 2397 ὡς
731 2321 783 2384 ἐπὶ
809 2342 848 2413 τη
875 2319 939 2385 τῶν
968 2313 1187 2412 διαστρόφων
1219 2314 1278 2399 ¹⁴),

266 2416 343 2488 οὐδὲ
365 2422 416 2488 ἐπὶ
438 2416 562 2488 τούτων
583 2447 604 2502 η
626 2415 706 2541 τύχη
728 2418 789 2504 τὴν
809 2417 921 2490 άιτίαν
927 2420 1012 2543 ἔχει.
1050 2415 1109 2488 Εν
1131 2425 1202 2542 τοῖς
1223 2447 1279 2489 κα·

266 2521 308 2589 τά
330 2524 521 2616 προαίρεσιν
542 2520 631 2616 άρα,
667 2520 710 2602 ὡς
738 2523 875 2618 ἔφαμεν.
922 2499 1103 2591 Ὀτανέ
1061 2531 1125 2612 μὲν
1105 2521 1215 2593 νόύν
1242 2525 1278 2590 τὸ

244 2623 456 2715 ’γιγνόμενον
477 2623 564 2693 κατὰ
583 2627 775 2718 προαίρεσιν
797 2628 902 2709 δεξιοῦ
923 2651 1012 2708 τινος
1041 2624 1132 2694 κατά
1162 2630 1278 2716 συμβε·

265 2727 368 2817 βηκδς
390 2725 497 2796 άίτιυν
524 2733 678 2815 γίνηται,
716 2725 759 2809 ὡς
786 2726 826 2796 τὸ
854 2724 1009 2797 σκάπτειν
1039 2732 1101 2812 τῆς
1129 2733 1279 2825 εὐρέσεως

264 2834 324 2899 τοῦ
346 2835 543 2923 θησαυροῦ,
567 2835 717 2922 εὐτυχίαν
738 2835 836 2901 τοῦτο
858 2837 992 2919 λέγομεν
999 2883 1008 2913 ,
1031 2825 1117 2902 ὅταν
1140 2838 1177 2903 δὲ
1195 2829 1279 2929 φαύ-

265 2939 345 3016 λου,
373 2931 562 3025 δυςτυχίαν*
585 2932 657 3005 ὁῐον
679 2940 707 3004 ἐι
729 2931 881 3004 σκάπτων
894 2930 959 3003 ύπὸ
974 2961 1064 3016 τινος
1079 2939 1218 3031 ἑρπετοῦ
1237 2939 1278 3019 ¹⁵)

265 3040 406 3127 δηχθείη
427 3065 478 3118 τις
499 3041 533 3108 ἐν
553 3035 644 3132 άυτῷ
665 3040 711 3134 τῷ
733 3034 887 3107 σκάπτειν
908 3041 1123 3130 ἑυρεθέντος,
1149 3038 1210 3110 οὐκ
1227 3037 1278 3108 ὄν-

264 3165 321 3221 τος
342 3143 524 3225 ἐπιτηδείου
537 3139 711 3229 ,τηνάλλως
739 3144 798 3210 τού
825 3137 929 3209 τόπου
957 3139 1040 3232 πρὸς
1061 3142 1187 3237 ἑρπετά
1212 3169 1278 3212 τοι·

183 3319 184 3323 χ
264 3247 371 3313 αύτα·
407 3248 435 3314 ἐι
462 3243 528 3337 γάρ
556 3241 713 3328 πλήθους
744 3243 840 3324 ὄντος
874 3247 1015 3332 ἑρπετῶν
1050 3238 1108 3314 ’ύδε
1141 3245 1278 3340 ὤρυττεν

264 3345 525 3442 ἀπερισκέπτως,
548 3345 586 3417 ού
607 3344 688 3437 τύχη
710 3344 816 3441 τούτῳ
837 3350 896 3432 τῆς
916 3351 1042 3435 πληγῆς
1063 3346 1180 3435 ἆίτια,
1210 3346 1275 3420 ἀλλ’

264 3447 406 3537 ἀβουλία
428 3479 478 3531 τις
500 3449 604 3520 οἰκεία
625 3457 681 3519 καὶ
710 3447 925 3542 άπρονοησία,
982 3455 1053 3520 Καὶ
1078 3452 1119 3520 τὸ
1139 3463 1203 3544 μὲν
1223 3455 1278 3535 τῆς

263 3550 361 3643 τύχης
381 3552 534 3624 τοιοῦτόν
555 3581 589 3630 τε
611 3562 666 3622 καὶ
687 3550 792 3634 ὁύτως
813 3552 937 3636 άίτιον,
965 3551 1005 3624 τὸ
1027 3558 1063 3621 δὲ
1086 3552 1278 3648 άυτόματον

198 3651 224 3672 ”
262 3659 363 3726 ε’ίωθε
383 3668 444 3748 μὲν
465 3664 521 3725 καὶ
542 3660 593 3725 ἐπὶ
614 3653 659 3738 ¹⁶)
681 3660 745 3725 τῶν
766 3653 833 3725 ἀπὸ
854 3653 953 3746 τύχης
973 3664 1180 3749 γιγνομένων
1201 3684 1276 3729 κατ’

261 3767 485 3850 ηχορεῖσθυιι,
519 3757 560 3828 οὗ
595 3759 660 3848 μὴν
696 3757 782 3830 ἀλλὰ
814 3762 943 3849 μᾶλλον
978 3763 1030 3828 ἐπὶ
1065 3766 1136 3833 τῶν
1169 3761 1276 3857 φύσει.

250 3859 364 3934 ’Ὅταν
385 3861 449 3955 γάρ
471 3865 518 3960 τῷ
538 3867 698 3956 γενομένῳ
720 3859 819 3956 φύσει
840 3860 923 3930 ύίλλο
945 3889 978 3930 τι
1000 3863 1274 3950 ἐπακολουθήση,

257 3964 346 4036 άλλά
366 3965 414 4058 μὴ
436 3965 475 4036 ύῦ
494 3963 592 4057 χάριν
613 3969 771 4054 ἐχίχνετο,
801 3961 995 4053 άυτομάτως
1016 3970 1119 4040 τοῦτο
1142 3975 1275 4058 λέγομεν
