2728 4758
99 649 157 733 tt)
186 642 390 741 ἆνυφορᾶ
418 647 547 716 πᾶσιν
589 643 746 728 ἆυτοῑς.
794 645 911 716 ’Ἐστι
943 646 984 712 δὲ
1017 645 1103 726 eta]

185 752 281 816 Mon.
308 746 514 844 ἡᾶνοιιμοροὶ
541 751 641 818 πᾶσιν
668 747 782 830 ἆντοΐς
814 753 894 819 ἐστι.
942 745 1039 817 Ἔστι
1068 750 1104 814 δὲ

185 865 247 918 ete.
358 861 362 870 ’

102 958 157 1037 18)
185 959 386 1044 γένοιτο]
413 951 466 1022 Sic
486 959 608 1024 Euseb.
629 968 661 1021 et
683 955 790 1026 Casel.¹
789 956 937 1046 γίνοιτο
957 957 1067 1019 Lond.

102 1061 157 1141 9)
180 1053 305 1128 Ουτοι
336 1061 498 1148 γίνεται
536 1086 587 1128 τοι
619 1085 660 1127 τε
695 1055 802 1125 κατὰ
833 1056 906 1136 τὰς
939 1059 1104 1147 τέχνας]

186 1163 239 1226 Sic
261 1165 382 1227 Euseb.
408 1163 487 1235 ΑΜ.
511 1166 542 1227 1.
570 1174 600 1227 et
623 1165 732 1228 Lond.
772 1164 818 1226 At
843 1161 940 1226 Mon.
963 1163 1042 1226 Ald.
1070 1162 1102 1226 2.

185 1277 217 1328 et
242 1263 350 1330 Casel'.
389 1260 437 1333 Ὁ.
460 1293 492 1354 γ.
509 1261 558 1332 τὰ.
575 1262 661 1331 κατὰ
684 1262 743 1343 τὰς
764 1270 878 1356 τέχνας
900 1257 1017 1342 omisso
1038 1273 1084 1332 τὲ.

94 1367 158 1448 »20)
187 1373 254 1434 καὶ
274 1372 478 1455 γίνεσθαι
496 1370 591 1457 μὲν]
617 1361 726 1433 ΨΜοο.
751 1373 807 1433 καὶ
828 1367 951 1453 γίνεται
968 1370 1036 1453 μέν.

102 1472 159 1553 21)
188 1466 233 1538 οὐ
256 1470 334 1559 μὴν
355 1474 428 1554 τῆς
447 1468 670 1556 ποιούσης]
707 1474 757 1537 Ita
774 1469 921 1535 -Caselins
943 1471 1023 1539 bene
1042 1491 1104 1553 pro

186 1574 382 1659 reliquorum
403 1572 441 1643 οὐ
463 1579 532 1664 μέν.
558 1579 656 1640 -Nam
673 1572 846 1658 praecessit
870 1578 927 1640 καὶ
947 1573 1105 1660 γίνεσθαι

93 1732 100 1751 ,
184 1684 246 1764 μὲν
273 1677 359 1745 κατὰ
383 1675 475 1761 τάξιν
492 1675 582 1760 τινὰ,
611 1692 642 1743 et
671 1699 804 1762 sequens
829 1672 872 1743 τὰ
895 1679 930 1743 δὲ
950 1670 1106 1764 γινόμενοι

187 1776 274 1846 κατὰ
296 1784 410 1869 τέχνην
426 1787 598 1866 respondet
617 1781 777 1869 prioribus
797 1780 843 1873 τῷ
864 1775 906 1846 τὰ
926 1787 986 1867 μὲν
1007 1772 1106 1871 φύσει

187 1879 339 1975 γινόμενοι
361 1898 424 1952 etc.
468 1887 541 1967 (0.)

102 1987 158 2070 22)
185 1986 259 2068 τῆς
283 1990 481 2072 γενέσεως
506 1987 637 2056 ἀυτῶν
667 1985 686 2055 ὁ
716 1986 789 2054 τοῦ
816 1986 1040 2064 ποιοῦντος
1061 1982 1106 2068 ἡ.

94 2123 100 2146 κ
186 2095 325 2175 patrat
354 2096 445 2181 περὶ
474 2087 610 2160 σἰυτῶν
641 2085 865 2178 λογισμὸς]
909 2089 962 2151 Sic
988 2089 1105 2171 optime

189 2193 297 2256 Havn.
321 2195 416 2258 Mon.
440 2207 472 2259 et
491 2197 600 2260 Lond.
620 2191 727 2264 ἀυτῶν
749 2193 809 2260 τοῦ
830 2193 1009 2270 ποιοῦντος·
1024 2193 1106 2278 γίνε-

62 2373 68 2382 ,
187 2319 246 2361 ται
271 2307 339 2360 ete,
360 2293 520 2364 emissori
548 2299 626 2364 Ald.
649 2301 682 2364 1.
713 2309 745 2362 et
769 2298 890 2361 Euseb.
913 2289 1026 2373 ἆντοῖς
1047 2298 1106 2362 τοῦ

190 2400 365 2478 ποιοῦντος
402 2402 527 2486 γίνεται
565 2402 643 2467 Ald.
680 2403 712 2464 2.
749 2411 781 2463 et
813 2397 920 2464 Casel.
979 2398 1107 2481 Optime
1227 2487 1230 2492 Δ

97 2533 107 2542 ·
191 2500 393 2566 Schultbess:
417 2502 475 2570 der
487 2503 636 2569 Gedeane
647 2505 701 2568 des
717 2500 897 2567 etmenden
909 2501 991 2583 gelat
1002 2502 1106 2567 ibrem

4 2663 7 2677 ,
100 2628 107 2662 ι
134 2603 364 2670 Entstelten
384 2606 438 2670 als
458 2606 585 2670 Fttbrer
604 2625 721 2677 νονοη.
754 2603 828 2686 (0.)

102 2705 160 2812 23)
189 2707 332 2796 τρίτον
360 2707 445 2772 δέ
430 2727 547 2773 εστιν
578 2707 620 2772 ἐν
647 2711 738 2786 τοῖς
758 2703 876 2775 dreani
896 2733 968 2777 του
989 2732 1106 2795 γινο-

95 2837 115 2870 r·
188 2810 353 2898 μένοις]
383 2809 571 2873 SieEuseb.
588 2820 619 2872 et
636 2810 733 2873 Mon.
757 2811 932 2878 verissime.
976 2811 1105 2878 Namin

92 2961 98 2983 ,.
190 2910 444 2981 antecedentibus
466 2913 668 2975 enumerabat
689 2912 873 2979 Alexander
898 2919 962 2980 dno
989 2935 1106 3002 genera
1197 2911 1201 2920 ’

101 3059 106 3069 -
190 3015 256 3082 τιῖιν
281 3011 371 3093 τινὸς
390 3011 495 3105 'palpet
518 3017 694 3101 γινομένων
725 3016 794 3080 scil.
825 3014 867 3082 τὰ
894 3042 982 3084 κατα
1005 3041 1108 3112 φυσιν

190 3128 222 3180 et
253 3114 297 3184 τὰ
324 3115 411 3183 κατὰ
441 3115 541 3204 λόγον
568 3113 740 3206 γινόμενοι,
783 3119 896 3203 quibus
932 3122 992 3184 iam
1022 3121 1107 3186 addit

95 3247 100 3258 ·
191 3229 340 3301 tanquam
362 3220 488 3284 tentium
511 3243 610 3307 genus
632 3217 675 3286 τὰ
702 3216 768 3288 ἀπὸ
787 3215 885 3310 τύχης
911 3230 967 3290 καὶ
989 3219 1108 3290 triven-

163 3316 299 3408 μάνου
336 3321 494 3406 γίνεσθαι
532 3328 776 3413 πεπιστευμένοι.
848 3328 957 3391 Lond.
1002 3327 1106 3390 Male.

106 3453 108 3461 ·
185 3419 298 3490 Ἔστιν
325 3419 384 3491 ὀῦν
413 3429 492 3506 τοῖς.
543 3427 621 3492 Ald.
647 3431 680 3491 1.
710 3441 741 3492 et
767 3429 885 3515 Bagol.
932 3424 1050 3495 Ἔστιν
1064 3430 1109 3496 ¹s‘n

190 3532 262 3606 τοῖς
283 3525 400 3592 omisso
423 3527 532 3618 τρίτον
554 3531 588 3595 δὲ
610 3529 744 3596 Aldinae
759 3533 791 3598 2.
816 3529 931 3601 ’Ἔστιν
945 3525 1004 3600 ὀῦν
1025 3535 1108 3610 ταῖς.

103 3732 161 3815 21)
189 3738 258 3800 καὶ
278 3727 572 3820 τ’ἆυτομάτου]
598 3732 688 3799 ἈΙᾱ.
710 3735 743 3800 2.
765 3741 822 3805 καὶ
845 3733 912 3805 ἀπὸ
938 3733 1105 3825 τᾶυτομο·

99 3853 108 3873 ··
190 3859 261 3904 του.
295 3835 368 3917 (O.)
672 3851 675 3859 '
737 3851 739 3858 ⁴
865 3855 868 3862 '

103 3941 163 4022 25)
190 3941 533 4027 προηγουμένως]
578 3941 631 4006 Sic
656 3941 751 4006 Mon.
783 3943 905 4006 Euseb.
937 3956 968 4010 et
993 3945 1102 4011 Lond.

33 4057 40 4064 ‘
189 4045 448 4131 προηγουμένων.
491 4046 625 4112 Aldinae
648 4058 680 4112 et
704 4044 810 4112 Casel.
834 4046 936 4112 Male.

244 4208 252 4242 1
