2774 4756
1075 379 1135 444 299

142 561 196 642 10)
225 553 380 638 victorie
400 581 441 624 τε
462 552 711 646 ἆιρτῖοθαι]
751 553 828 617 Ald.
853 554 884 617 1.
907 551 1027 634 ἀετοὺς
1049 559 1140 625 ἐπαί-
1219 620 1222 626 ,

225 665 352 756 ρεσθαι
374 658 500 726 vitiose.

540 841 628 886 cer:
657 840 743 884 xxn.

163 986 198 1065 λ)
224 979 575 1075 παραθεμένους]
620 977 672 1043 Sic
706 979 790 1046 Cod.
824 981 932 1045 Havn.
956 983 1139 1048 rectissime.

226 1089 309 1153 Nam
329 1085 411 1149 infra
432 1085 586 1147 habemus.
598 1085 710 1147 eodem
726 1081 840 1165 Capite
854 1089 1142 1174 παρατιθεμένους

206 1215 208 1226 ¹
228 1186 266 1254 τὸ
287 1182 440 1280 βούλημα
462 1182 577 1253 ἀυτῶν.
620 1187 705 1249 Edd.
728 1189 965 1274 προθεμένους.
1008 1190 1081 1269 (Ο.)

164 1294 199 1373 λ)
228 1290 310 1378 ἔχει
331 1288 447 1376 βίαν]
478 1289 530 1354 Sic
550 1289 659 1356 Havn.
683 1290 767 1351 Edd.
790 1287 857 1376 ἔχοι
877 1290 964 1375 βίαν.

163 1397 198 1478 3)
226 1392 556 1480 συνδεδεμένων]
581 1392 755 1456 SieHavn.
771 1392 802 1454 in
824 1413 927 1477 marg.
951 1393 1046 1456 Mon.
1063 1393 1141 1458 ΑΜ.

229 1499 260 1560 2.
288 1496 395 1566 Casel.
419 1509 450 1560 et
471 1498 580 1560 Lond.
603 1498 822 1580 συνδεομίνων
843 1495 921 1558 Ald.
945 1497 977 1559 1.

165 1602 198 1682 4)
228 1601 268 1682 ἐξ
294 1596 428 1668 ἀυτῶν
461 1598 794 1678 ἐπακολουθεῖν]
831 1597 964 1662 Aldinae
986 1593 1146 1680 ἐξοίντῶν

229 1699 440 1771 ἀκολουθεῖν.

166 1809 200 1890 5)
222 1804 268 1874 τὸ
290 1801 491 1882 ἀναιτίως
511 1805 564 1895 τῷ
585 1803 787 1890 γίνεσθαί
808 1828 847 1870 τι
869 1805 909 1869 ἐκ
930 1801 981 1889 μὴ
1004 1801 1146 1886 ὄντος]

231 1912 339 1974 Havn.
368 1905 407 1976 τὸ
435 1904 591 1986 ἀναιτίως
622 1906 778 1994 γίνεσθαί
805 1930 846 1974 τι.
889 1907 990 1970 Male.
1033 1909 1088 1972 Ad
1109 1907 1147 1975 τὸ

174 2045 176 2049 ·
232 2009 387 2090 ἀναιτίως
407 2011 477 2074 soil.
500 2009 658 2096 γίνεσθαί
679 2032 712 2076 τι
733 2031 826 2072 sensu
853 2010 1078 2093 supplendum,
1114 2025 1148 2075 ut
1195 2037 1198 2040 ·

230 2117 355 2201 integra
383 2113 578 2178 constructio
607 2113 648 2177 sit
679 2107 855 2208 ὁμοῑόντε
886 2114 970 2180 divae
997 2119 1084 2206 φασὶ
1111 2113 1149 2181 τὸ

231 2214 386 2295 ἆνοιιτίως
412 2215 570 2304 γίνεσθαί
597 2239 630 2283 τι
658 2216 704 2308 τῷ
729 2213 886 2300 γίνεσθαί
912 2237 944 2281 τι
972 2216 1008 2282 ἐκ
1027 2212 1072 2303 μὴ
1096 2214 1151 2285 ὅν-

223 2347 299 2420 joe.
344 2320 418 2402 (0.)
639 2351 656 2384 ι

169 2429 203 2508 6)
232 2426 389 2512 σμῆνος
409 2417 486 2510 γᾶρ
507 2417 659 2489 ἀιτίων
679 2421 987 2507 καταλέγουσι]
1003 2424 1151 2490 Haecest

231 2527 382 2612 palmaria
404 2525 579 2590 emendatio
596 2523 714 2590 Caselii
726 2522 869 2588 lectionis
884 2524 916 2589 in
932 2525 1018 2592 Cod.
1036 2520 1145 2594 Ha'vn.

232 2643 264 2696 et
277 2629 402 2695 Aldinis
418 2626 686 2710 corruptissimae,
713 2623 816 2716 μηνὸς
835 2623 900 2718 γὰρ
921 2623 1028 2696 σἰίτιον
1049 2652 1151 2698 κατα·

232 2738 380 2820 λέγουσι,
413 2753 507 2816 quam
521 2731 702 2818 *Bagolinus
724 2730 756 2794 in
778 2731 924 2794 versione
945 2751 1001 2795 sua
1021 2732 1150 2816 ineptis-

234 2839 310 2901 sime
331 2837 374 2900 ita
396 2834 551 2899 reddidit:
588 2836 661 2898 irae
679 2853 761 2896 nam
782 2851 908 2896 causas
933 2850 1151 2917 enumerant,

236 2938 392 3020 accipiens
413 2929 517 3024 μῆνὸς
537 2957 599 3018 pro
616 2931 767 2998 Genitivo
788 2953 823 2994 v.
846 2933 951 3017 μῆνις,
974 2935 1028 3018 qui
1049 2949 1151 3001 autem

236 3041 409 3104 declinatur
431 3035 547 3124 μῆνιος
569 3038 621 3101 vel
642 3031 787 3123 μήνιδος.
831 3033 946 3098 Editor
967 3038 1151 3104 Londinen·

236 3143 278 3206 sis
294 3141 435 3206 correxit
449 3144 550 3228 μηδὲν
570 3131 720 3207 ἀναίτιον
733 3137 971 3222 καταλέγουσις
992 3147 1154 3223 quomodo

236 3243 353 3330 legisse
376 3243 501 3306 videtur
524 3242 615 3306 etiam
641 3241 774 3306 Grotius
801 3252 926 3304 vertens
941 3244 1153 3323 explicantes

239 3347 350 3411 ztlud:
376 3343 473 3409 Nihil
490 3345 559 3407 sine
580 3344 762 3432 eooeofit,
782 3353 814 3406 et
835 3339 1082 3422 Schulthessius,
1106 3351 1154 3413 sie

242 3431 394 3510 emliz'ieo
416 3443 468 3507 die
491 3443 741 3507 verschiedenen
768 3440 867 3508 drten
894 3445 952 3510 der
970 3444 1154 3512 Utsoohen.
1191 3524 1195 3528 Ι

241 3545 310 3612 see
326 3545 516 3627 καταλέγειν
537 3533 601 3604 non
624 3553 671 3605 est
685 3543 862 3623 explicare
878 3546 932 3607 sed
946 3565 1152 3624 enumerare,

239 3667 428 3713 recensere:
453 3655 484 3708 et
506 3643 634 3708 omnino
650 3645 746 3728 longe
759 3645 965 3726 praeferenda
980 3649 1154 3712 emendatio

141 3759 146 3811 ἱ
239 3748 364 3814 Οκοολὶί
378 3745 500 3834 σμῆνος
527 3741 591 3838 γὰρ
621 3741 734 3814 ἆιτίων
762 3749 979 3833 ’καταλέγουσι
1011 3751 1157 3832 proxime

241 3854 390 3914 accedens
407 3850 623 3914 adlectionem
641 3848 746 3935 Codd.
771 3849 909 3934 Σμῆνος
922 3873 1037 3935 propr.
1050 3874 1157 3935 opum

240 3941 394 4034 examen,
406 3956 457 4020 ein
469 3936 751 4021 Βίιαςηιολιίανιπ
758 3965 770 4031 3
791 3949 929 4036 hine'per
941 3955 1155 4038 metaphoram
