2728 4758
260 428 321 493 666
402 481 405 492 ,

260 593 485 718 καταδίκην
466 616 528 683 εχει
557 592 589 658 ἐν
618 589 687 667 τοῖς
711 585 797 658 κατά
827 583 1033 682 προαίρεσιν·
1074 586 1106 653 ἐν
1134 585 1168 651 δὲ
1190 589 1307 686 τοῖς

260 697 347 819 κατά
368 694 471 820 φύσιν
492 695 553 785 ἔχει
575 689 635 793 666
656 687 870 780 ἆνεγκλησὶαν
891 687 930 759 ού
951 714 1038 758 κατα
1023 684 1155 771 ἕλεος,
1176 653 1307 756 6666

260 798 348 874 κατά
369 796 477 890 λόγον.

603 963 679 1027 Καὶ
703 962 789 1041 ἑξῆς
814 963 919 1040 φησί.

325 1105 462 1200 Νόμους
480 1107 600 1176 ἔθεντο
622 1101 808 1201 διαφόρους
832 1129 865 1171 οι
855 1099 1064 1198 ’άνθρωιιοι
1088 1103 1163 1172 ἐν
1147 1095 1262 1196 666066

259 1211 370 1308 χῶρφ,
397 1209 488 1292 τινάς
511 1214 771 1332 γεγραμμένους,
798 1204 891 1287 τινάς
910 1204 983 1275 δὲ
964 1203 1155 1302 αγράφους·
1177 1197 1264 1288 ἐξόν

263 1313 463 1438 διηγήσομαι
488 1311 531 1393 ὡς
560 1310 636 1381 όῐδα
662 1318 719 1380 καὶ
743 1302 787 1380 ῶν
810 1314 993 1432 μέμνημαι,
1028 1307 1248 1402 ἀρξάμενος
1233 1333 1265 1374 εκ

262 1424 322 1504 τῆς
333 1415 460 1540 κόσμου
477 1413 589 1509 άρχῆς.
631 1411 776 1534 Νόμος’
760 1420 829 1481 εστὶ
845 1439 937 1505 παρα
923 1409 1082 1507 Σήραις
1100 1407 1132 1496 6)
1146 1415 1267 1501 μηδένα

263 1519 434 1616 φονεύειν,
454 1515 537 1608 μήτε
558 1514 745 1645 πορνεύων,
797 1512 854 1599 ήτε
871 1521 1032 1640 κλέπτειν,
1062 1511 1144 1606 μήτε
1166 1511 1266 1598 ξόανα

263 1628 462 1718 νιροςκυνεῖν.
504 1623 615 1689 Καὶ
600 1646 633 1690 εν
657 1621 757 1716 666666
782 1622 822 1716 τῇ
846 1621 982 1742 μεγίστῃ
1006 1616 1101 1714 χῶροι
1127 1617 1166 1687 06
1190 1611 1268 1688 6666

263 1731 352 1796 ἐστιν
372 1723 472 1807 ἰδεῖν,
501 1721 540 1792 06
565 1728 706 1812 γυναῖκα
725 1721 903 1844 πορνικὴν,
936 1723 974 1792 06
996 1718 1215 1813 μοιχαλὶδα’
1199 1745 1269 1789 ονο-

262 1833 538 1922 μαζομὲνην,ου
498 1823 697 1910 ούκλέιττην
721 1822 933 1917 ἑλκόμενον’
917 1834 969 1896 επὶ
989 1829 1098 1910 δίκην,
1133 1822 1194 1894 οὐκ
1216 1821 1270 1893 66-

264 1929 467 2056 δροφόνον,
471 1927 509 1999 06
535 1935 784 2026 πεφονευμένον.
845 1928 1042 2010 Οὐδενός
1003 1957 1069 2054 γαρ
1097 1927 1137 1998 τὸ
1161 1926 1270 2009 ἇυτεξ

263 2033 379 2106 ούοιον
405 2029 633 2121 ἧνάγκασενὸ
665 2037 724 2102 τοῦ
754 2038 980 2125 ιινριλαμπέος
1003 2032 1129 2127 ’Ἄρεος
1166 2029 1269 2150 60666

264 2140 474 2232 μεσουρανῶν
505 2137 611 2228 ἄνδρα
646 2133 768 2231 σιδάρῳ
796 2134 934 2220 άνελειν,
971 2134 1010 2206 06
1042 2134 1180 2230 Κύπρις
1214 2125 1271 2202 σύν

214 2282 220 2292 ’
256 2240 354 2336 ’Ἄρει
380 2243 526 2360 τυχοῦσα
548 2237 709 2333 ἀλλοτρία
743 2248 872 2328 γυναικὶ
908 2243 1042 2362 μιγιχναύ
1079 2267 1159 2342 τινα
1197 2263 1263 2329 ιιαρ

185 2379 209 2440 g
265 2347 406 2426 ἐκείνοις,
427 2367 556 2422 παντως
563 2367 653 2438 ιταση
665 2339 772 2436 ἡμέρα
785 2347 1067 2470 660066066066606
1077 2369 1139 2413 600
1123 2333 1274 2462 Ἄρεος,

265 2455 322 2516 καὶ
335 2444 424 2542 66606
440 2439 511 2538 ῶρφ
528 2452 584 2514 καὶ
601 2442 708 2539 ἡμέρᾳ
721 2452 923 2536 γεννωμένων
936 2451 999 2518 τῶν
1009 2450 1149 2541 Σηρῶν.
1164 2439 1273 2536 Παρό

195 2565 200 2574 ’
263 2548 383 2629 Ἰνδοῖς
403 2555 460 2617 καὶ
480 2545 686 2638 Βάκτροις
670 2557 731 2617 εισὶ
746 2548 891 2640 χιλιάδες
912 2556 1033 2620 πολλοὶ
1058 2554 1125 2622 τῶν
1144 2550 1276 2640 λεγομέ-

223 2650 225 2654 ’
264 2673 329 2723 νυν
349 2648 559 2745 Βραχμάνων
581 2651 610 2735 ⁷)
634 2649 666 2720 66
690 2678 774 2734 τινες
791 2653 877 2722 κατά
899 2651 1090 2748 παράδοσιν
1113 2657 1181 2724 τῶν
1199 2677 1276 2745 6660-

265 2752 446 2846 γόνωνκαλ
457 2752 582 2844 νόμων,
611 2751 685 2824 όότε
703 2754 916 2851 φονεύουσιν,
937 2756 1014 2827 6666
1032 2754 1143 2841 ξόανα
1166 2760 1278 2844 σέβον-

267 2885 342 2941 ται,
364 2854 429 2927 066²
454 2855 607 2954 ἐμψύχου
624 2856 777 2947 γεύονται
795 2861 842 2944 ⁸),
865 2858 904 2931 οὐ
922 2857 1161 2992 μεθύσκονταί
1181 2883 1278 2937 ποτε,

267 2960 359 3031 όὶνου
376 2965 433 3030 καὶ
453 2967 586 3054 σικέρας
609 2960 656 3081 μοχ
677 2959 862 3053 γευόμενοι,
896 2963 933 3034 06
956 2967 1057 3059 κακία
1079 2969 1148 3034 τινὶ
1167 2989 1280 3032 κοινω·

266 3068 362 3138 νοῶσι
378 3067 642 3158 τιροςέχοντες
608 3067 654 3132 τῶ
673 3070 764 3162 θεῶ,
785 3069 849 3136 τῶν
867 3063 993 3136 άλλων
996 3035 1101 3138 Ινδῶν
1121 3061 1280 3163 φονευόν

267 3193 352 3251 των,
380 3175 436 3236 καὶ
455 3161 705 3258 ἑταιρευόντων,
734 3175 791 3238 καὶ
808 3171 1085 3260 μεθυσκομένων,
1111 3179 1173 3240 καὶ
1188 3173 1281 3257 σεβο-

224 3365 227 3372 ,
265 3277 370 3364 μένων
387 3265 507 3354 ξόανα,
529 3277 585 3340 καὶ
601 3266 710 3340 πάντα
725 3271 845 3363 σχεδόν
861 3271 975 3344 καθ’
958 3275 1164 3392 ειμαρμένην
1183 3295 1282 3390 φερο-

267 3380 381 3465 με’-νων.
415 3372 512 3442 Ἐστι
528 3376 599 3442 δὲ’
583 3399 617 3444 εν
636 3377 684 3468 τῷ
700 3371 790 3444 άυτῶ
797 3378 943 3503 κλίματι
964 3403 1023 3460 της
1036 3374 1173 3457 Ινδύοις
1195 3369 1283 3472 φυλή

267 3503 319 3558 τις
336 3473 451 3546 Ινδῶν
465 3474 550 3559 9),
533 3478 565 3544 σι’
586 3502 670 3557 τινες
691 3476 769 3559 τοὺς
790 3482 1008 3569 ἐμπίπτοντας
1028 3477 1187 3563 ξένους’
1155 3474 1284 3604 06666

269 3605 375 3661 οντες,
411 3587 467 3648 καὶ
498 3573 637 3659 τούτους
667 3578 811 3662 θύοντες
842 3585 1015 3652 ἐσθίουσι
1058 3590 1120 3651 καὶ
1148 3582 1226 3654 ὀύτε
1255 3583 1285 3648 06

267 3679 478 3772 67660660606
500 3683 563 3750 τῶν
586 3679 716 3776 ἄστρων
737 3683 937 3756 κεκωλύκασι
958 3684 1098 3767 τούτους
1121 3687 1172 3778 μὴ
1193 3713 1286 3776 μιαι-
1335 3774 1337 3780 Ι

268 3791 381 3908 φανεῖν
416 3791 472 3853 καὶ
509 3781 556 3904 μὴ
590 3781 869 3877 άθεμιτογαμεῐν,
920 3785 994 3859 ὀύτο
1033 3797 1065 3862 οἱ
1104 3796 1285 3864 κακοποισλ
1336 3871 1338 3878 ⁴

267 3885 461 3976 ἠνάγκασαν
485 3884 563 3968 τούς
587 3891 792 3982 Βραχμᾶνας
816 3899 1019 3988 κακουργεῖν.
1060 3894 1178 3990 Παρὰ
1198 3899 1287 3987 Πύρ·

269 4014 346 4069 σαις
363 3991 407 4078 ¹9)
427 3986 529 4080 νόμος
548 3979 589 4074 ἦν
612 3996 728 4081 γαμεῖν
753 3992 813 4075 τάς
835 4000 1031 4090 θυγατέρας
1054 4007 1118 4069 66oe6
1141 3999 1206 4080 τὰς
1224 4025 1285 4088 μυ·
