2758 4760
1084 443 1122 504 tt

114 616 199 666 stare
222 602 314 678 simul
336 613 459 684 potest,
497 613 531 665 nt
552 581 629 667 nihil
651 604 716 667 sine
739 605 929 684 causabar,
961 619 992 670 et
1014 622 1116 674 tamen

113 727 164 769 res
186 706 233 770 sic
256 717 412 790 agantur,
436 705 516 767 sicut
537 726 597 769 nos
620 706 762 769 dicimus.
808 709 889 796 Nam
911 710 939 774 si
960 713 1116 776 abstinea-

112 797 181 871 mus
204 813 346 872 catenam
367 808 453 870 illam
474 827 638 870 carnarum
660 820 786 872 nectere
808 821 840 872 et
862 810 966 874 dicere
988 812 1043 875 nbi
1063 815 1116 877 illa

60 932 62 942 ’
111 911 215 994 prima
234 911 471 994 processerint,
509 910 689 974 necessario
718 910 808 995 sequi
824 923 867 976 ea
889 936 971 997 quae
992 936 1035 978 ex
1054 916 1117 979 illis

110 1026 145 1076 ut
168 1013 270 1076 causis
293 1013 364 1076 fieri
386 1025 534 1096 oportet,
573 1025 720 1096 tanquam
742 1014 774 1076 in
803 1028 913 1098 suapte
942 1001 1117 1106 substantia

110 1117 175 1180 vim
196 1117 282 1180 illam
304 1115 456 1179 efficiendi
478 1115 727 1194 continentibus,
751 1119 807 1180 sed
828 1139 869 1180 ex
889 1119 927 1183 iis
943 1123 1023 1204 quae
1038 1122 1118 1186 fiunt

109 1232 140 1283 et
161 1219 345 1302 posteriora
366 1231 456 1296 sunt,
495 1241 605 1282 causas
628 1232 739 1283 eorum
760 1222 938 1284 studeamus
960 1227 1115 1301 reddere,

108 1335 275 1405 praetcrea
302 1334 339 1386 ut
364 1321 436 1386 illos
466 1343 653 1406 quaeramus
682 1335 809 1398 causas,
855 1345 934 1408 quae
971 1327 1117 1392 dominae

108 1421 181 1488 sunt
215 1445 345 1502 eorum,
391 1446 472 1510 quae
504 1447 523 1488 a
551 1445 586 1490 se
613 1425 710 1503 fiunt,
756 1425 930 1490 videbimus
966 1428 1028 1491 iam
1056 1451 1116 1494 nec

110 1528 277 1612 quicquam
306 1549 415 1592 eorum
445 1549 526 1612 quae
557 1529 655 1606 fiunt,
689 1529 757 1592 sine
787 1535 882 1593 'eausa
902 1531 987 1595 ¹fieri
1008 1553 1114 1618 neque

12 1675 15 1680 ,
109 1643 283 1714 propterea
304 1651 346 1694 ex
373 1631 560 1696 necessitate
589 1644 621 1696 et
647 1632 736 1696 fatali
764 1653 911 1698 connexu
931 1635 1003 1699 fieri
1032 1659 1114 1720 quae

108 1735 186 1798 iin'nt
215 1733 334 1798 omnia.
397 1736 475 1800 Non
503 1735 585 1798 enim
613 1736 792 1800 necessario
816 1737 1050 1819 Sophroniscus
1073 1761 1114 1804 eo

107 1839 196 1921 quod
231 1849 296 1914 est,
346 1837 439 1901 etiam
467 1849 558 1920 pater
587 1851 653 1915 est,
693 1850 729 1902 et
756 1859 851 1902 causa
878 1839 1009 1906 alicuius
1040 1855 1117 1926 post

107 1940 222 2023 ipsum.
266 1939 314 2004 At
334 1937 363 2004 si
382 1961 511 2005 necesse
532 1941 595 2005 fuit
615 1957 689 2005 esse·
700 1943 865 2006 Socratem
877 1973 900 2020 ,*
913 1944 974 2030 iam
997 1967 1039 2008 ex
1060 1968 1118 2010 ne·

108 2043 253 2108 cessitate
275 2043 512 2126 Sophroniscus
535 2065 630 2107 causa
651 2045 681 2109 ei
701 2056 750 2108 est
770 2068 828 2108 cur
849 2047 992 2113 exsistat.
1027 2049 1117 2114 Sicut

108 2147 212 2225 enim,
242 2167 308 2211 non
331 2147 404 2230 quia
424 2148 660 2210 fundamentum
682 2159 748 2225 est,
782 2169 910 2213 necesse
933 2163 981 2214 cst
1003 2163 1036 2214 et
1057 2155 1117 2216 do·

108 2253 191 2313 nium
214 2258 305 2326 esse,
343 2252 400 2313 sed
422 2250 450 2324 si
472 2253 583 2314 domus
605 2250 662 2327 sit,
700 2251 830 2317 omnino
852 2272 981 2342 necesse
1003 2266 1050 2318 est
1071 2257 1117 2321 ia-

107 2365 193 2416 ctum
215 2373 286 2416 esse
305 2353 559 2430 fundamentum,
596 2353 641 2417 ita
669 2353 763 2418 etiam
785 2336 1025 2421 existimandum
1048 2371 1113 2436 est,

106 2455 137 2518 in
159 2455 205 2520 eis
228 2477 309 2538 quae
330 2469 444 2518 natura
464 2456 561 2532 fiunt,
586 2477 696 2520 causas
718 2476 753 2521 se
773 2461 892 2522 habere
906 2461 1113 2540 necessarias,

107 2565 169 2622 non
193 2558 282 2642 quod
302 2558 363 2622 illis
385 2558 493 2640 primis
515 2559 628 2642 positis
650 2561 830 2626 necessario
847 2561 888 2624 sit
903 2583 1112 2648 consequens,

106 2674 141 2724 ut
160 2661 233 2725 illas
255 2660 429 2745 aliquarum
457 2683 564 2726 rerum
593 2664 655 2726 sint
688 2677 839 2741 causae,‘
860 2667 917 2728 sed
944 2669 1032 2749 quod
1058 2667 1114 2732 ubi

106 2764 287 2848 posteriora
319 2785 472 2842 evenere,
514 2767 693 2832 necessario
722 2769 858 2830 habeant
885 2791 959 2834 suas
990 2791 1114 2834 causas.

107 2869 188 2932 Sunt
208 2869 291 2932 enim
314 2870 466 2952 quaedam
488 2889 599 2933 eorum
621 2891 701 2954 quae
722 2871 801 2934 fiunt
823 2871 977 2936 eiusmodi
989 2885 1025 2936 ut
1040 2895 1115 2936 cau-

106 2993 172 3034 sam
202 2971 329 3055 quidem
355 2972 508 3049 habeant,
553 2993 618 3037 non
656 2984 760 3036 tamen
791 2973 957 3056 propriam
985 2975 1046 3039 sibi
1074 2999 1113 3040 ac

106 3075 334 3166 principalem,
365 3079 422 3140 sed
441 3088 477 3138 ut
497 3097 556 3140 nos
578 3075 668 3160 loqui
689 3075 849 3152 solemus,
872 3099 932 3158 per
955 3079 1115 3144 accessio·

106 3197 209 3242 nem.
235 3180 330 3242 Nam·
351 3180 516 3242 thesaurus
549 3179 695 3243 inventus
725 3181 764 3242 ab
798 3199 837 3243 eo
870 3180 925 3263 qni
953 3182 1113 3264 plantandi

106 3303 204 3346 causa
224 3282 387 3359 fodiebat,
425 3282 520 3346 habet
542 3283 666 3368 quidem
687 3281 766 3345 illud
785 3283 899 3346 fodere
920 3301 982 3365 pro
1005 3305 1111 3360 causa,

107 3389 165 3449 sed
186 3385 252 3449 non
273 3385 430 3468 propria,
467 3406 526 3448 nec
548 3407 628 3470 quae
649 3385 783 3449 utillud
804 3385 910 3461 fieret,
936 3386 1114 3450 destinaba-

105 3499 171 3552 tur.
217 3488 312 3569 Quae
330 3489 413 3551 enim
433 3489 566 3571 proprie
587 3501 660 3553 sunt
681 3508 811 3564 causae,
850 3501 904 3550 aut
930 3501 1050 3552 tantum
1072 3513 1113 3554 ex

105 3591 290 3654 necessitate
312 3604 432 3676 agunt,
455 3604 491 3654 ut
512 3592 572 3655 illis
593 3595 718 3676 placet,
744 3605 797 3655 aut
819 3603 904 3654 certe
927 3592 1113 3678 plerumque

102 3707 351 3778 'consequentem
366 3697 483 3758 habent
498 3696 588 3758 aliam
604 3718 745 3760 cansam:
769 3700 902 3780 atquae
923 3717 982 3778 per
1004 3717 1110 3760 acces·

104 3798 226 3862 sionem
241 3789 353 3862 causae
368 3809 451 3875 sunt,
475 3819 513 3862 ea
527 3821 606 3862 raro
617 3800 725 3863 talium
739 3813 812 3863 sunt
833 3821 939 3862 eausa.
963 3799 1070 3880 Quare
1084 3801 1114 3864 si

106 3904 144 3964 ad
158 3902 231 3964 eum
245 3897 418 3986 loquuntur
432 3906 572 3979 modum,
596 3902 688 3966 simul
703 3903 807 3966 dicere
825 3913 960 3984 possunt
981 3915 1012 3966 et
1033 3903 1122 3965 nihil-

102 4004 172 4068 'sine
194 4025 290 4070 causa
309 4005 380 4070 fieri
401 4017 433 4069 et
453 4019 557 4071 tamen
579 4009 730 4091 quaedam
757 4005 828 4069 fieri
859 4007 946 4072 forte
977 4007 1109 4072 fortuna
