2758 4760
1085 369 1234 442 91Ι

127 567 206 614 vero
236 545 372 621 malum,
414 562 515 628 neqtm
546 539 644 606 nllnrn
670 543 752 606 aliud
781 557 829 608 est
856 545 968 609 animal
993 547 1126 611 istorum

122 670 246 734 capax,
284 647 427 731 plerique
454 659 556 710 autem
577 645 719 710 homines
743 647 837 724 mali,
880 648 944 712 imo
971 650 1027 712 vix
1045 673 1125 716 unns

124 767 154 818 et
179 755 259 819 alter
283 755 386 816 bonus
409 749 507 814 fnisse
533 751 573 811 ab
598 748 659 812 illis
686 752 818 812 docetur
846 763 994 836 tanquam
1014 754 1126 817 animal

125 855 307 921 admirabile
322 877 359 918 ae
380 865 508 935 praeter
525 863 689 928 naturam,
714 863 746 916 et
767 874 806 917 eo
828 854 883 936 qui
904 859 986 937 apud
997 857 1127 922 AEthio.

123 982 180 1044 pes
210 979 279 1022 esse
305 969 518 1032 memoratur,
549 955 710 1018 Phoenice
732 935 855 1033 rarius,
893 981 1018 1027 rursum
1047 983 1126 1026 vero

121 1063 199 1128 mali
233 1084 341 1126 omnes
379 1060 462 1124 inter
490 1081 524 1122 se
556 1079 671 1142 pares,
715 1058 758 1122 ita
786 1073 822 1122 ut
850 1061 925 1124 nihil
955 1063 1032 1126 alius
1065 1065 1127 1130 alio

126 1166 241 1240 distet3
264 1164 422 1228 insaniunt
445 1174 548 1226 autem
566 1171 675 1225 omnes
697 1161 752 1244 qui
777 1185 842 1226 non
867 1177 939 1226 siunt
960 1167 1125 1248 sapientes,

49 1259 50 1264 ¹
125 1271 288 1352 quomodo
324 1289 391 1332 non
428 1265 651 1330 misserrimum
688 1265 826 1328 omnium
862 1266 1062 1332 animantium
1090 1273 1130 1335 sit

18 1395 21 1403 ·
127 1373 223 1436 horno
246 1373 406 1434 habensa
434 1382 546 1434 natura
566 1381 598 1432 et
623 1367 733 1432 uitium
759 1379 791 1432 et
817 1368 966 1432 insaniam
988 1371 1047 1434 sibi
1068 1395 1129 1454 pro

130 1486 217 1538 sorte
240 1475 401 1537 attributa.
461 1475 525 1536 Sed
548 1494 628 1556 quae
655 1470 701 1535 illi
720 1476 883 1554 paradoxa
914 1473 946 1536 in
975 1476 1130 1559 dogmatis

129 1578 192 1640 suis
219 1578 348 1652 dicunt,
384 1587 537 1663 quatenus
565 1597 684 1640 avero
706 1575 895 1653 dissideant,
932 1582 1129 1659 expendere,

127 1680 158 1742 in
188 1701 340 1762 praesens
366 1679 500 1742 maxima
530 1699 571 1740 ex
602 1690 693 1760 parte
728 1679 1037 1760 praetermittendum
1066 1695 1130 1759 est3

130 1786 352 1846 revertendum
374 1782 508 1847 veroin
531 1781 615 1844 viam
635 1784 718 1844 unde
741 1781 875 1866 dignensi
898 1806 1016 1848 sumus.

562 2095 698 2160 XXIX.

196 2197 398 2264 Ostendimus
428 2208 532 2262 antem
559 2200 631 2263 ideo
659 2199 691 2264 in
713 2211 872 2282 potestate
902 2223 970 2266 esse
1000 2205 1133 2268 hominis

135 2304 232 2385 probi
258 2305 345 2386 quod
369 2302 440 2365 talis
469 2303 530 2380 sit,
571 2303 643 2386 quia
669 2303 822 2368 eiusmodi
848 2306 1052 2370 assuetudinis
1077 2297 1136 2389 per

137 2428 229 2488 quam
251 2407 395 2488 probitas
417 2407 608 2489 acquiritur,
641 2405 783 2489 ipsesibi
805 2421 984 2472 causaest:
1019 2411 1136 2493 quippe

133 2509 186 2591 qui
201 2521 233 2572 et
241 2530 281 2572 ne
289 2508 358 2571 talis
370 2509 461 2572 fieret
468 2507 644 2572 libertatem
653 2521 742 2572 antea
756 2511 876 2574 habuit.
900 2513 968 2574 Iam
981 2533 1060 2576 vero
1072 2535 1137 2576 rron

135 2613 265 2695 amplius
296 2614 412 2676 habere
437 2613 522 2675 illam
547 2612 660 2697 agendi
686 2612 887 2690 facilitatem,
925 2614 993 2678 sive
1015 2615 1137 2686 firmam
1214 2601 1216 2604 ⁵

136 2715 390 2780 constitutionem
412 2738 476 2778 non
502 2727 550 2778 est
571 2716 601 2778 in
629 2715 726 2797 ipsius
751 2728 929 2798 potestate,
975 2716 1055 2780 sicut
1079 2739 1138 2780 nec
1164 2741 1165 2747 ¹

136 2829 219 2882 stare
236 2817 268 2880 in
281 2818 346 2881 eius
359 2818 399 2880 sit
410 2830 577 2900 potestate,
591 2818 689 2902 quise
705 2821 742 2882 de
755 2821 819 2884 alto
833 2818 1038 2902 praecipitem
1049 2821 1133 2896 iecit,

136 2943 205 2983 cnm
220 2933 324 2984 tamen
335 2921 512 2984 libertatem
529 2923 675 2984 habuerit
686 2943 719 2984 se
737 2923 964 3003 praecipitandi
988 2925 1045 2986 vel*
1058 2945 1136 2986 non.

137 3025 181 3088 At
203 3047 281 3089 vero
309 3026 349 3086 ad
370 3025 508 3088 actiones
536 3027 623 3108 quod
645 3023 775 3104 attinet,
797 3045 874 3108 quas
898 3047 939 3087 ex
963 3025 1016 3088 illa
1036 3027 1138 3090 facili·

138 3139 202 3191 tate
237 3127 321 3212 agit,
374 3149 481 3190 earum
524 3131 672 3211 quasdam
714 3137 822 3209 potest
862 3139 893 3190 et
933 3151 997 3192 non
1034 3133 1139 3192 edere.

139 3232 328 3314 Quanquam
353 3230 439 3292 enim
464 3232 597 3295 maxime
628 3229 776 3294 credibile
798 3243 846 3294 est
871 3231 974 3294 virum
1003 3234 1140 3312 probum

139 3334 295 3398 editurum
328 3332 466 3398 actiones
489 3335 605 3399 rationi
626 3347 656 3398 et
671 3334 843 3416 ‘prudentia
865 3333 1088 3397 convenientes
1112 3346 1143 3396 et
1223 3365 1224 3368 ¹

137 3459 201 3502 non
223 3436 361 3510 abscisse
383 3458 510 3500 necesse
534 3450 580 3500 est
605 3450 640 3500 ut
662 3437 801 3500 actiones
823 3437 885 3499 sint
905 3437 1003 3513 tales,
1035 3438 1143 3520 quales

138 3553 230 3618 sunt,
269 3552 301 3603 et
324 3552 359 3602 ut
385 3561 545 3623 eousque
567 3543 754 3621 procedant.
805 3541 866 3603 Est
896 3540 977 3602 enim
1012 3540 1144 3602 latitudo

140 3647 292 3728 quaedam
316 3643 438 3712 ineius
462 3645 586 3728 generis
610 3643 808 3719 actionibus,
839 3655 871 3706 et
894 3643 1019 3706 modica
1047 3642 1143 3705 decli·

140 3749 227 3812 natio
252 3747 286 3810 id
307 3749 428 3830 dequo
449 3746 502 3809 hic
525 3746 645 3832 agimus
672 3768 736 3808 non
758 3745 886 3810 evertit.
930 3746 1053 3808 Deinde
1079 3765 1143 3808 non

79 3921 80 3924 Ἴ
142 3846 324 3916 necessario
357 3850 408 3913 vir
432 3853 554 3934 probus
585 3850 618 3912 id
638 3849 747 3934 deligit
775 3852 931 3934 agendum
956 3851 1043 3932 quod
1065 3849 1142 3932 agir,

142 3959 202 4037 sed
220 3967 256 4018 ut
282 3950 424 4026 domin'us
446 3951 562 4038 aliquid
580 3973 694 4017 eornm
718 3951 810 4016 etiam
824 3973 889 4018 non
909 3951 1034 4035 agendi,
1079 3953 1145 4014 Ra*
