2804 4762
1074 423 1114 492 29

107 585 179 652 lieri
200 595 233 651 et
253 607 318 652 non
339 585 427 664 fiet,
462 588 549 672 quod
570 597 603 653 et
624 609 721 654 voees
742 590 814 659 illae
841 603 1116 681 utrocumque

106 711 173 754 aes
196 691 417 768 eeoidenit,
446 693 627 758 ostendunt.
670 694 717 758 At
738 717 818 761 vero
840 717 921 780 qnae
942 719 983 762 ex
1003 719 1115 762 neees-

106 795 200 858 sitate
220 794 318 870 fiunt,
351 815 387 860 ea
408 816 473 858 uon
494 807 628 876 possunt
649 815 715 860 non
736 797 819 862 lieri.
864 801 989 865 Vocem
1012 813 1117 880 eutem

107 896 278 960 necessarii
298 917 363 962 non
385 897 437 960 hie
458 919 583 980 usurpo
602 900 643 961 de
662 899 718 977 iis,
747 923 828 985 quae
850 923 909 986 per
932 903 1117 968 violentiam

107 1002 197 1076 finnt,
222 1019 284 1062 nee
305 999 470 1082 quisquam
491 998 535 1066 ita
555 1002 621 1064 hoe
640 1023 754 1070 nomen
770 1005 915 1088 aenipene
929 1009 1036 1084 debet,
1060 1009 1123 1072 sed·

108 1108 145 1168 de
173 1102 213 1166 iis
247 1123 328 1186 quae
355 1103 541 1166 naturaliter
569 1105 610 1166 ab
639 1105 796 1188 aliquibus
828 1108 929 1185 fiunt,
978 1131 1117 1194 quonum

107 1206 325 1290 contraposita
351 1205 422 1270 fieri
449 1217 622 1289 nequeimt.
666 1209 710 1270 Et
739 1212 902 1292 quomodo
930 1232 996 1277 non
1018 1214 1117 1276 abso-

107 1331 179 1376 num
208 1310 249 1374 sit
277 1321 309 1372 et
336 1321 450 1374 eontra
476 1307 538 1372 nei'
552 1308 739 1382 evidentiam
768 1312 850 1375 velle
872 1333 1034 1396 eousque
1055 1335 1115 1378 ne-

107 1413 284 1478 cessitatem
317 1415 510 1489 extendens,
553 1423 589 1478 nt
617 1411 703 1477 nulla
734 1414 835 1479 motio
864 1414 985 1480 dieatm
1018 1416 1111 1494 lieni,
1188 1441 1191 1448 ’

106 1518 225 1582 nullum
247 1518 422 1583 membrum
454 1513 600 1592 moveri,
638 1517 732 1599 (qnae
765 1516 866 1582 motio
886 1519 1029 1601 potuerit
1048 1539 1114 1584 non
1223 1551 1225 1564 =
1297 1539 1303 1552 ’

105 1621 174 1685 lieni
195 1623 261 1686 hoe
281 1616 482 1702 intemperie
499 1615 633 1682 mtieulo
646 1620 672 1699 ,)
692 1621 750 1682 sed
765 1619 1023 1706 qualemcumque
1039 1619 1119 1688 colli

106 1723 369 1799 conventionem,
393 1733 447 1784 ant
467 1720 683 1786 extensionem
705 1721 813 1807 digiti,
838 1735 892 1788 ant
904 1723 1115 1790 elevationem

106 1829 355 1912 palpebrarum,
379 1835 412 1888 et
432 1823 460 1888 si
481 1836 638 1908 quaeum
659 1824 708 1888 his
729 1825 862 1906 similia,
897 1827 1050 1910 eoasequi
1071 1847 1117 1890 en

105 1930 207 1996 musis
230 1927 439 2014 antegaessis,
471 1947 489 1992 a
511 1926 603 1991 nobie
629 1939 732 1994 autem
752 1940 867 1994 nostro
888 1928 1022 1994 arbitrio
1041 1927 1116 1994 fieri

105 2054 265 2120 nunqnam
286 2031 408 2115 posse?
445 2031 490 2094 Et
510 2031 590 2094 haec
610 2033 652 2094 ab
673 2031 713 2094 iis
734 2031 898 2110 nemun,
930 2032 984 2116 qui
1005 2021 1121 2098 vident

104 2137 208 2206 inhia
229 2156 310 2220 quae
331 2145 406 2198 emat
428 2133 591 2217 fiuntque,
627 2131 806 2196 innumeras
834 2153 904 2198 esse
933 2154 1042 2200 nerum
1063 2131 1115 2199 ‹ti-4

104 2240 294 2316 versitates,
331 2239 414 2302 unde
435 2247 596 2319 promtum
617 2234 659 2300 sit
679 2235 801 2300 dissere
821 2257 888 2301 non
911 2236 1015 2306 omnia
1034 2239 1114 2301 suh-

104 2344 209 2409 iaeere
238 2342 354 2406 talibus
385 2339 500 2406 nausis.
557 2338 711 2404 Videmus
743 2340 864 2406 seilicet
882 2362 1003 2406 eorum
1032 2363 1113 2426 qnae

106 2448 246 2512 existunt
283 2445 469 2528 quibusdam
501 2441 618 2509 nullam
649 2463 719 2506 esse
750 2444 816 2510 vim
847 2444 985 2510 mutandi
1016 2465 1051 2508 se
1078 2445 1112 2510 in

104 2549 268 2618 staminei
288 2548 321 2611 in
343 2567 408 2631 quo
430 2567 465 2610 se
486 2547 603 2610 habent
624 2547 829 2626 eontrarium,
858 2547 917 2612 alia
939 2568 1019 2611 veno
1042 2569 1112 2614 esse
1224 2596 1226 2602 s

104 2675 186 2738 qnae
214 2673 282 2718 non
311 2651 412 2714 minus
442 2651 526 2714 hunc
557 2671 651 2733 quam
679 2651 812 2714 alterum
832 2662 948 2714 statum
967 2650 1112 2734 recipere

105 2768 254 2840 possunt.
280 2753 368 2838 Ignis
390 2751 472 2816 enim
494 2773 609 2835 oapene
629 2741 694 2818 non
713 2764 823 2836 potest
842 2753 946 2839 frigus
966 2766 1002 2818 ut
1024 2757 1112 2838 quod

104 2860 206 2940 caloni
227 2869 404 2942 repugnet,
444 2855 499 2941 qui
526 2857 617 2921 calor
643 2859 766 2923 nativus
787 2873 837 2924 eet
856 2855 939 2944 ignis
961 2859 1112 2941 proprie·

103 2977 165 3028 tas.
214 2963 280 3026 Sed
300 2979 405 3044 neque
425 2960 481 3023 nix
503 2959 641 3024 calorem
655 2961 803 3044 recipiet,
829 2966 901 3026 dum
914 2964 971 3027 nix
992 2979 1110 3032 manet.

104 3069 152 3132 At
174 3085 276 3152 equae,
321 3076 357 3128 ut
379 3063 514 3128 maxime
534 3062 653 3148 frigida
674 3065 735 3142 sit,
770 3085 834 3134 non
856 3067 926 3130 talis
948 3079 997 3131 est
1017 3081 1110 3133 natu.
1159 3094 1163 3110 ‹

102 3192 178 3249 rae,
217 3181 254 3233 ut
282 3179 417 3252 nequeat
443 3179 497 3240 aut
523 3167 627 3252 frigus
655 3167 816 3247 amittere,
844 3181 898 3234 aut
918 3171 1110 3234 contrariam

102 3274 133 3338 ei
161 3271 363 3357 qualitatem,
402 3271 435 3334 id
461 3282 509 3335 eet
535 3269 678 3336 calorem
705 3271 868 3355 recipere:
913 3273 966 3336 Sic
987 3285 1018 3337 et
1037 3271 1110 3337 neri
1162 3273 1167 3278 ’

101 3389 231 3462 potest,
269 3387 305 3439 ut
326 3374 510 3462 quisedet,
544 3387 629 3438 stane
649 3374 799 3457 incipiet,
833 3387 865 3438 et
887 3375 940 3458 qni
962 3387 1110 3440 movetur
1141 3379 1144 3392 '

101 3481 323 3565 requiescere,
360 3490 393 3550 et
421 3477 475 3562 qui
502 3477 609 3554 fanu,
650 3489 770 3541 tacere.
835 3478 943 3561 Atque
971 3478 1044 3543 ideo
1075 3469 1119 3542 in

102 3584 215 3648 metitis·
244 3584 343 3646 nebus
375 3581 443 3644 aliis
473 3579 612 3664 reperiet
644 3581 714 3665 quis
749 3582 930 3645 saenltatem
966 3581 1110 3664 capiendi

101 3685 261 3752 utrumvis
285 3688 323 3748 de
345 3684 525 3754 contrariis.
569 3681 651 3748 Cum
673 3705 754 3749 vero
775 3707 813 3748 aa
834 3706 913 3768 quae
928 3685 1117 3758 necessario-

101 3801 177 3854 sunt
206 3789 257 3852 in.
275 3800 366 3871 parte
399 3786 815 3868 altena'eontrapusitonum
843 3787 1022 3852 facultatem
1042 3809 1108 3850 non

101 3896 241 3958 habeant
259 3887 401 3974 capiendi
417 3891 611 3955 eontrarium
626 3890 691 3954 eius
705 3890 737 3954 in
756 3911 822 3974 quo
843 3911 879 3954 se
899 3893 1033 3966 habent,
1057 3890 1129 3952 se·V

101 3995 260 4079 quitatem
272 4017 336 4060 non
348 3994 411 4060 sint
421 3994 607 4060 neeemario
626 4015 674 4072 ee,
692 4011 772 4076 quae
786 4013 819 4059 es
832 3994 1026 4060 eontrarium
1041 3992 1115 4059 eius,
