2758 4760
1063 347 1123 452 ton

108 561 202 628 Paris
223 559 288 624 hoe
309 557 350 622 sit
383 553 602 642 cogitationis,
641 552 706 620 imo
733 557 839 640 potius
867 557 1114 645 incogitantiae,

110 687 148 730 ae
168 664 195 728 si
217 659 431 746 cognitionem
453 681 532 743 quae
553 679 650 742 penes
669 671 754 726 muta
768 675 816 726 est
831 663 1014 740 animantia,
1038 684 1120 730 cunr⁴

79 807 81 812 ·
108 780 219 834 nostra
235 762 486 848 *aequiparemus
517 774 611 846 atque
639 761 700 826 illis
730 764 822 828 etiam
844 767 1016 830 tribuamus
1036 787 1114 848 per·
1141 833 1144 842 ,

107 871 285 954 ceptionem
315 889 421 930 rerum
452 865 676 930 universalium
706 879 737 930 et
766 868 937 934 intellectui
967 871 1029 934 soli
1049 893 1106 954 pa·

106 974 250 1039 rentium.
292 972 345 1036 Ae
363 971 458 1054 plane
480 969 506 1034 si
525 969 735 1034 necessarium
750 984 798 1034 est
813 973 901 1037 Deos
919 995 1010 1051 esse,
1039 997 1108 1038 om-

106 1077 196 1158 nium,
209 1086 373 1160 quaesunt
387 1094 496 1138 causas
512 1073 619 1136 unicas
634 1074 686 1140 vel
697 1074 779 1138 inter
792 1097 921 1154 causas,
946 1081 1111 1160 quomodo

106 1180 224 1244 rationi
259 1179 320 1244 erit
355 1188 619 1254 consentaneum,
670 1191 722 1240 aut
754 1178 907 1265 ignorare
944 1201 1000 1246 eos
1032 1201 1109 1246 suos

105 1285 231 1362 foetus,
266 1295 320 1348 aut
341 1305 472 1348 suorum
496 1283 640 1348 loentum
665 1305 781 1366 opera,
820 1295 873 1346 aut
895 1305 976 1367 quae
997 1287 1036 1348 ab
1066 1283 1111 1348 eis

105 1389 219 1473 quovis
242 1389 339 1452 modo
362 1386 553 1478 efficiuntur,
579 1399 632 1450 aut
653 1389 691 1450 de
712 1387 749 1452 iis
768 1400 916 1472 tanquam
934 1389 1024 1451 adse
1042 1409 1107 1452 non

104 1491 355 1576 pertinentibus,
394 1511 495 1574 neque
516 1489 548 1552 in
568 1490 711 1573 ipsorum
736 1503 894 1574 potestate
914 1490 1026 1574 positis
1049 1494 1108 1554 du-

103 1595 187 1660 biam
207 1596 325 1657 habere
344 1594 576 1678 cognitionem,
608 1617 708 1672 oum,
728 1595 882 1659 utrumvis
906 1596 1021 1659 horum
1044 1616 1108 1677 po·

103 1720 175 1776 nas,
210 1696 294 1760 fieri·
308 1708 443 1780 nequeat
473 1709 508 1759 nt
535 1719 587 1762 res
618 1711 744 1762 nostras
777 1709 888 1762 eruent
909 1698 965 1763 Dii
989 1720 1029 1762 eo
1051 1721 1108 1760 eu·

103 1801 194 1865 randi
207 1803 324 1876 modo,
349 1799 404 1883 qui
423 1801 568 1882 ipsorum
588 1801 807 1885 providentiae
828 1801 1020 1865 conveniat?
1044 1801 1108 1883 Qui
1209 1871 1214 1878 ,

103 1907 217 1968 modus
240 1902 266 1968 is
288 1915 353 1979 est,
384 1916 419 1968 ut
437 1903 565 1986 ex'ipsa
586 1917 698 1968 natura
716 1927 828 1970 eorum
853 1925 933 1988 quae
958 1916 1109 1968 curantur

6 2011 7 2018 ’
103 2028 212 2070 curam
224 2019 353 2090 gerant,
378 2019 409 2070 et
420 2009 507 2072 velut
518 2029 559 2072 ex
569 2030 676 2090 puppe
684 2011 879 2093 gubernent,
903 2031 968 2072 non
983 2010 1109 2071 eonsul-

102 2113 219 2186 tando,
244 2109 324 2174 sicut
346 2113 384 2176 de
402 2110 446 2174 eis
467 2112 640 2194 loquuntur
661 2112 778 2193 poe'tee
800 2111 1002 2190 (consultatio
1030 2096 1111 2174 enirn

103 2207 283 2298 indigentie
297 2226 344 2276 est
365 2214 600 2296 prudentiae),
625 2236 684 2278 nee
708 2218 796 2299 quod
817 2215 892 2278 alias
916 2215 975 2280 elia
997 2203 1118 2278 decer·¹

105 2329 179 2380 nant
198 2338 235 2378 ac
255 2316 390 2392 laeiant3
418 2318 451 2382 id
476 2319 558 2382 enim
580 2316 807 2414 dissentanepm
831 2330 878 2381 est
905 2321 944 2381 ab
965 2308 1107 2400 ipsorum

6 2427 8 2488 T
105 2419 292 2502 operatione
324 2443 387 2482 una
411 2441 536 2502 semper
561 2434 592 2484 et
617 2420 750 2503 simplici
775 2434 807 2483 et
833 2421 1038 2498 immutabili,
1077 2435 1109 2486 et

105 2524 182 2586 solis
209 2522 246 2586 iis
268 2523 434 2600 convenit,
459 2545 539 2607 quae
558 2535 681 2606 tempus
704 2524 879 2600 dimetitur,
904 2547 1047 2608 quaeque
1069 2547 1111 2590 ex

108 2619 232 2690 dilectu
250 2647 322 2689 suas
347 2627 547 2708 operationes
574 2630 686 2703 edunt,
725 2630 782 2691 sed
812 2629 903 2711 ipso,
943 2630 1037 2711 qnod·
1052 2627 1114 2690 diei
1199 2627 1200 2630 ’

48 2749 57 2814 ζ
106 2731 187 2797 solet
209 2750 268 2793 suo
291 2751 380 2804 esse,
418 2731 499 2792 sieut
523 2731 601 2806 Sol,
637 2753 701 2794 non
723 2732 903 2796 consultans
925 2752 1026 2816 neque
1053 2731 1111 2794 im-

50 2828 56 2844 ‘
105 2833 271 2896 mutationi
294 2833 475 2910 obnoxius,
507 2837 563 2896 sed
588 2855 627 2896 eo
649 2834 721 2915 ipso
743 2838 831 2916 quod
854 2849 901 2898 est
929 2848 960 2898 et
982 2857 1108 2918 semper

105 2943 232 3012 manet,
268 2935 296 2998 si
326 2957 377 3000 res
407 2949 494 2999 recte
526 2936 737 3021 intelligatur,
775 2939 884 3020 implet
912 2939 1018 3008 omnin
1050 2961 1109 3001 suo

105 3039 328 3128 lumine'quae
351 3039 430 3102 illud
454 3039 651 3122 participare,
678 3052 751 3102 sunt
777 3037 905 3104 idonea.⁴
956 3044 1052 3124 Quod
1082 3043 1108 3106 si

104 3142 162 3206 illo
193 3163 261 3224 quo·
287 3141 396 3208 dicunt
422 3146 518 3208 inodo
548 3144 721 3208 consistere
750 3155 855 3226 potest
886 3145 1106 3227 providentia,

92 3233 232 3328 ‘precari
253 3257 285 3308 et
306 3267 396 3308 sacre
422 3247 528 3314 iacere
556 3250 595 3310 nd
626 3235 840 3329 impetrandos
867 3257 945 3331 ‘puta
973 3248 1107 3324 imbres,

6 3359 7 3364 ’
106 3360 160 3418 aut
180 3349 311 3432 frugum
334 3349 458 3431 copiam
481 3362 534 3412 aut
556 3351 738 3428 victoriam,
767 3372 899 3440 quarum
922 3373 1033 3433 nempe
1051 3362 1108 3415 're-

106 3474 179 3522 rum
200 3463 348 3520 eventum
369 3453 424 3518 Dii
446 3453 616 3538 ignorent,
643 3476 712 3532 ,non
734 3455 832 3538 longe
854 3455 941 3516 abest
963 3456 1002 3516 ab
1025 3455 1108 3518 insa-

106 3555 171 3618 nia.
237 3555 334 3636 Quod
362 3555 389 3618 si
416 3555 476 3618 ista
494 3555 543 3618 sie
564 3577 598 3619 se
619 3558 736 3620 habere
765 3579 836 3633 non
859 3569 1009 3640 possunt,
1043 3559 1108 3622 imo

108 3670 141 3720 et
162 3658 247 3721 dictu
269 3658 473 3743 cogitatuque
501 3671 575 3722 sunt
602 3659 719 3742 impia,
757 3659 888 3744 ipsaque
917 3661 1110 3742 experientia

108 3761 314 3838 refelluntur,
354 3774 389 3828 ut
416 3775 447 3824 et
476 3761 657 3844 multiplicia
686 3763 860 3828 ditinarum
889 3764 1109 3845 operationum

110 3865 260 3948 negotia,
277 3952 279 3957 Ι
298 3877 329 3927 et
357 3887 393 3928 ea
426 3887 505 3950 quae
537 3867 617 3928 fiunt
644 3878 679 3929 ut
706 3865 749 3930 ita
778 3866 914 3930 dieamus
943 3868 1105 3951 quotidie,

112 3967 312 4042 considerare
334 3969 513 4041 volentibus
546 3971 732 4050 ostendunt,
779 3969 942 4040 dicendum
965 3984 1050 4040 certe
1073 3993 1114 4044 ea
