2804 4762
311 655 568 750 Ἀναιρουμένον
585 660 621 723 δὲ
637 653 680 734 ὡς
694 657 828 743 ἐδείχθη
843 655 902 721 τοῦ
916 649 1174 738 βουλεύσασθαι
1185 647 1254 718 κατ’

252 757 391 843 οίυτούς,
414 756 599 851 ἀναιρεῖται
619 765 675 826 καὶ
697 755 736 826 τό
755 753 803 851 ἐφ’
827 753 904 846 ἡμῖν
924 751 1105 847 προδήλως.
1151 756 1258 822 Τοῦτο

250 860 315 954 γὰρ
336 859 385 958 ἐφ’
398 858 482 951 1ἡμῖν
502 858 621 940 πάντες
648 855 724 929 ὅσοι
751 860 796 950 μὴ
825 861 921 928 θέσεί
942 883 1007 926 τινι
1027 860 1258 950 παρίστανται,

250 961 497 1058 παρειλήφασιν
504 967 596 1047 ἐίναι,
609 960 648 1032 ὀύ
663 967 690 1045 ¹)
704 959 795 1053 ἡμεῖς
801 970 862 1052 μέν
872 965 927 1030 καί
935 963 993 1029 τοῦ
1000 962 1196 1052 πραχθῆναι
1203 977 1260 1041 καὶ

249 1069 310 1135 τού
329 1066 375 1156 μέγ
396 1070 594 1160 πραχθῆναι
617 1063 743 1159 κύριοι,
775 1063 835 1156 οὐχ
859 1060 1007 1152 ἑπόμενοί
1028 1088 1115 1134 τισιν
1135 1064 1261 1146 ἔξωθὲν

249 1167 336 1258 ἡμᾶς
353 1173 544 1261 περιστᾶσιν
565 1166 702 1252 ἇιτίοις,
724 1165 799 1238 οὐδὲ
815 1164 993 1246 ἐνδιδόντες
1008 1163 1129 1245 ἀυτούς
1142 1163 1155 1200 ¹
1169 1170 1217 1249 a),
1238 1154 1259 1260 ᾗ

250 1269 319 1355 (liv)
334 1275 438 1340 ἐκείνοι
453 1269 518 1368 ίίγχ
531 1263 573 1355 2),
592 1275 664 1340 Καὶ
685 1267 705 1355 ἦ
724 1273 915 1363 προαίρεσις
935 1267 974 1337 τό
989 1269 1074 1338 ίδιον
1087 1269 1182 1360 ἔργον
1195 1270 1260 1337 τῶν

250 1371 440 1466 ἀνθρώπων
449 1381 522 1467 περὶ
533 1371 647 1445 τάυτό.
665 1371 715 1442 Ἡ
723 1372 787 1466 γόιρ
801 1376 852 1442 ’ἐπὶ
864 1377 1051 1466 προκριθὲν
1063 1375 1097 1439 ἐκ
1108 1374 1166 1453 ’τῆς
1178 1375 1259 1458 βον-

250 1479 310 1560 λῆς
330 1476 412 1564 μετίι
433 1473 565 1569 ὀρέξεως
582 1474 693 1570 ὁρμὴ,
721 1478 921 1569 προαίρεσις.
960 1473 1020 1544 Διὸ
1036 1472 1111 1544 οὐδὲ
1126 1478 1176 1544 ἐπὶ
1191 1481 1261 1552 τοῖς

250 1577 436 1666 ἀναγκαίως
456 1576 640 1667 γινομένοις
660 1575 680 1662 ἦ
702 1580 909 1672 προαίρεσις,
953 1575 1036 1652 όύτε
1049 1581 1100 1647 ἐπὶ
1124 1583 1194 1657 τοίς
1212 1585 1259 1667 μὴ

250 1680 436 1769 ἀναγκαίως
448 1690 509 1770 μὲν
516 1733 525 1763 ,
548 1687 575 1750 έι
585 1681 631 1772 μὴ
646 1679 685 1750 δι’
699 1678 789 1772 ἡμῶν
803 1687 848 1766 ³),
870 1680 939 1751 ἀλλ’
957 1681 1032 1750 οὐδὲ
1047 1685 1080 1750 ἐν
1093 1685 1175 1750 πᾶσι
1190 1686 1261 1760 τοῖς

251 1781 290 1852 δέ
309 1781 417 1872 ἡμῶν,
439 1783 508 1854 ἀλλ’
529 1789 562 1854 ἐν
582 1781 714 1864 τούτοις
737 1793 806 1865 τοῖς
822 1790 1006 1874 γινομένοις
1023 1781 1062 1852 δι’
1086 1781 1193 1873 ἡμῶν,
1216 1774 1261 1851 ῶν

250 1883 343 1976 ἡμεῖς
358 1891 416 1956 τοῦ
430 1884 553 1980 προίξαι
568 1891 698 1970 καὶτοῦ
712 1887 757 1977 μὴ
772 1891 894 1980 πρᾶξαι
910 1886 1017 1981 κύριοι
1037 1892 1131 1978 ἐσμέν
1149 1880 1189 1970 ⁴).
1221 1882 1261 1954 ‘0

249 1989 315 2079 γὰρ
336 1987 573 2079 βουλευόμενος
590 1993 667 2084 ’περί
687 2017 794 2073 τινος,
822 1991 898 2074 ἤτοι
918 1997 991 2085 περὶ
1012 1995 1071 2061 τοῦ
1093 1995 1159 2059 δεῖν
1176 1987 1260 2059 ἀυτό

250 2091 422 2186 πράττειν,
443 2091 465 2176 ἢ
483 2090 528 2182 μί
551 2092 706 2186 πράττειν
727 2092 936 2181 βουλεύεται,
957 2092 979 2178 ἢ
1004 2091 1195 2176 σπουδάζων
1216 2090 1260 2173 ῶς

251 2203 323 2288 περὶ
338 2193 483 2285 ἀγαθῶν
496 2221 545 2278 τι,
572 2200 664 2280 ζητεῖ
674 2195 713 2266 δι’
733 2189 777 2265 ῶν
791 2195 832 2266 όίν
849 2195 969 2267 τούτου
987 2195 1099 2287 τύχοι·
1121 2194 1182 2286 κᾷν
1198 2204 1260 2288 μὲν

251 2295 402 2392 ἀδυνάτῳ
413 2306 478 2368 τινὶ
492 2302 593 2382 ζητῶν
604 2295 683 2396 τύχῃ
699 2304 750 2383 ⁵),
773 2303 832 2368 τοῦ
845 2309 906 2388 μέν
920 2299 1106 2388 ἀφίσταται
1117 2295 1156 2382 ⁶),
1178 2297 1260 2392 ἀφί·

245 2425 373 2469 σταται
390 2405 426 2469 δέ
448 2398 568 2490 ὁμοίως
589 2410 645 2470 καὶ
664 2401 728 2472 τῶν
749 2399 896 2473 δυνατῶν
909 2412 986 2492 μέν,
1022 2400 1082 2472 ούκ
1100 2401 1259 2474 ὄντωνδὲ

221 2578 223 2582 ,
251 2499 296 2571 ἐπ’
313 2502 419 2598 ἀντῷ,
440 2509 527 2594 μένει
542 2510 577 2573 δὲ
591 2506 621 2588 ⁷)
637 2509 670 2576 ἐν
683 2509 723 2601 τῇ
736 2513 809 2598 περὶ
820 2510 879 2576 τοῦ
890 2510 1103 2599 προκειμένου
1116 2502 1259 2589 ζητήσει,

248 2611 309 2687 ,ἕως
324 2605 365 2676 ίίν
376 2605 489 2706 έντύχχ
499 2616 580 2693 τινὶ,
595 2605 634 2678 όῦ
644 2607 704 2691 τὴν
718 2611 866 2692 ἐξουσίαν
881 2609 982 2690 ἀυτός
997 2611 1079 2699 ἔχειν
1088 2612 1259 2678 πεπίστευ-

250 2737 327 2795 ται,
350 2707 428 2798 μεθ’
446 2707 466 2778 ὃ
482 2691 691 2800 παυόάμενος
704 2715 763 2781 τού
779 2711 1005 2800 βουλεύεσθαι
1024 2711 1067 2792 ῶς
1084 2711 1260 2802 ἀναγαγὼν

251 2811 310 2898 την
324 2812 457 2898 ζήτησιν
472 2812 521 2910 ἐφ’
535 2813 635 2897 ἀυτὸ,
650 2811 766 2884 δ’ἐστὶν
778 2814 861 2908 ἀρχὴ
873 2819 936 2885 τῶν
946 2812 1101 2908 πράξεων,
1123 2815 1261 2907 ἄρχεται

250 2919 308 2999 τῆς
321 2916 405 3011 πρὸς
415 2916 455 2985 τό
471 2919 701 3011 προσκείμενον
714 2916 869 3011 πράξεως.
901 2922 1033 2988 Γίνεται
1046 2921 1082 2987 δὲ
1100 2926 1154 2988 καί
1170 2916 1190 3002 ἡ
1206 2916 1261 3002 ζή-

250 3045 345 3103 τησις
355 3018 445 3116 ἀυτῶ
463 3019 506 3100 ῶς
520 3024 668 3105 ἐξουσίαν
682 3024 788 3112 ἔχοντι
803 3025 862 3117 τοῦ
873 3010 1029 3114 πράττειν
1046 3030 1102 3091 καὶ
1113 3019 1156 3090 τοί
1170 3020 1261 3091 ἀντι*

250 3125 395 3214 κείμενα·
410 3121 492 3193 καθ’
506 3129 646 3194 ἕκαστον
659 3125 724 3217 γὰρ
736 3128 800 3194 τῶν
811 3122 875 3192 ύπό
890 3123 948 3206 τὴν
961 3124 1114 3212 βουλὴνὴ
1128 3123 1262 3210 ζήτησις

251 3232 477 3320 βουλευομένῳ
494 3230 649 3316 γίνεται,
663 3225 801 3319 πότερον
812 3231 928 3310 τοῦτο,
949 3225 972 3311 ἢ
987 3227 1024 3296 τό
1042 3227 1262 3318 ἀντικείμενον

178 3381 184 3392 .
250 3329 340 3426 ἀυτῶ
372 3336 535 3423 πρακτέον
558 3357 638 3419 μοι,
675 3329 736 3422 κᾷν
757 3326 866 3399 ποίντα
895 3336 971 3427 λέγῃ
995 3333 1153 3419 γίνεσθαι
1176 3328 1258 3400 καθ’

252 3437 465 3526 έιμαρμένην·
487 3436 605 3523 ἐλέγχει
622 3430 686 3525 γὰρ
701 3430 721 3516 ἡ
736 3435 769 3502 ἐν
780 3439 849 3513 τοῖς
863 3441 1022 3527 πρακτοῖς
1036 3431 1190 3518 ἀλήθεια·
1200 3432 1263 3514 τὰς

251 3544 325 3629 περὶ
337 3534 445 3606 ἀυτῶν
458 3535 691 3627 ἡμαρτημένας
705 3532 812 3619 δόξας.
833 3532 901 3606 Ἢν
915 3534 1040 3620 πλάνην
1050 3541 1165 3616 κοινῶς
1179 3533 1262 3606 ποίν-

253 3665 314 3720 τας
328 3637 531 3732 ἀνθρώπους
548 3637 613 3706 ὑπὸ
628 3642 686 3722 τῆς
696 3636 826 3734 φύσεως
842 3641 1097 3723 πεπλανῆσθαι,
1119 3642 1186 3719 πῶς
1200 3636 1263 3709 ούκ

253 3741 377 3812 ἀτοπον
393 3746 514 3830 λέγειν,
537 3735 663 3835 ὅτιγὰρ
678 3739 800 3826 ταύτην
811 3745 892 3831 ἔχειν
907 3741 966 3825 τὴν
980 3744 1128 3824 ἐξουσίαν
1143 3747 1177 3811 έν
1190 3749 1262 3821 τοῖς

253 3853 414 3939 πρακτοῖς
438 3841 702 3939 προειλήφαμεν,
740 3843 783 3926 ῶς
804 3841 977 3914 δύνασθαι
995 3849 1205 3933 διαιρεῖσθαι
1220 3843 1261 3913 τό

253 3947 492 4036 ἀντικείμενον,
526 3955 581 4016 καί
599 3947 644 4038 μὴ
664 3952 729 4018 πᾶν
748 3945 766 4018 ό
785 3945 978 4040 ἁιρούμεθα
993 3948 1260 4042 ἕχειηιτροκατα-
