2728 4758
1040 346 1100 410 185

102 517 165 586 citu
183 531 215 586 et
234 496 390 604 percussu
410 531 503 605 atquc
522 518 656 584 intense
677 517 866 583 cohaesione
885 515 989 581 omnia
1011 517 1099 591 aiunt
1137 559 1141 563 -

99 625 202 713 sicse
219 625 356 704 hahere,
380 636 413 688 et
429 624 518 701 lieri,
542 635 641 707 prout
665 620 718 686 illa
739 619 932 698 coaluerint,
956 629 1105 684 enecet
1162 693 1165 708 Ι

102 747 198 815 egere
228 740 261 794 et
285 727 368 810 pati,
404 727 479 812 quun
508 739 540 790 ct
565 739 691 791 nostras
717 747 758 790 ex
779 725 920 808 appetitu
945 719 1102 791 motiones

59 917 60 920 Ἴ
102 845 133 898 et
159 831 401 906 constitutiones
429 829 522 894 animi
542 829 674 912 perinde
696 851 730 894 se
752 829 870 894 habere
894 844 928 894 ut
950 830 1011 909 illa]
1028 830 1105 892 affe·

101 935 462 1013 cerintsnecessitatem
483 937 565 998 hanc
586 944 618 997 et
642 955 722 1018 quae
744 934 816 997 inde
840 935 1044 1018 consequitur
1066 937 1104 998 ad

3 1021 28 1109 ἵ,
100 1061 152 1104 res
185 1061 295 1120 omnes
321 1041 527 1130 protendunt.
586 1039 683 1120 Quod
717 1038 744 1102 si
773 1039 841 1122 quis
871 1039 931 1102 alia
967 1059 1106 1120 corpora

103 1155 221 1208 statuat
244 1164 311 1208 esse
329 1142 505 1226 principia,
534 1146 616 1206 unde
641 1143 862 1220 fiant‘omnia,
894 1141 976 1205 idem
1002 1141 1106 1206 omnia

101 1248 210 1332 statuit
235 1247 385 1310 subiecta'
400 1247 508 1310 fluenti
532 1248 604 1312 inde
630 1247 822 1310 necessitati.
867 1245 931 1328 Qui
961 1267 1041 1309 vero
1068 1245 1126 1307 ad‘

102 1351 293 1435 principium
314 1350 442 1414 veniunt
467 1350 623 1429 universi,
659 1351 753 1416 etiarn
773 1353 807 1416 hi
824 1353 863 1417 ab
883 1345 923 1416 eo
946 1354 1104 1416 deducunt
1152 1408 1158 1420 .
1204 1417 1208 1420 .

103 1454 233 1532 omnia,
259 1453 395 1517 dicentes
414 1476 482 1518 eam
503 1475 571 1536 esse
593 1477 718 1546 causam
744 1477 824 1540 qrrae
842 1478 901 1539 per
924 1445 1027 1520 oriania
1049 1477 1106 1538 pe-

102 1571 226 1634 netrat,
263 1558 344 1622 hanc
380 1578 449 1622 esse
481 1557 604 1622 unicam
636 1582 716 1644 quae
743 1572 857 1624 cuncta
887 1582 952 1624 non
979 1569 1106 1622 moveat
1131 1595 1142 1619 ι,

3 1687 4 1694 “
101 1673 244 1738 tantum,
285 1663 339 1724 sed
360 1674 392 1725 et
413 1661 545 1740 efficiat,
580 1663 673 1726 hanc*
687 1685 754 1727 esse
781 1664 917 1728 dicentes
937 1663 1051 1726 Fatum
1076 1672 1108 1725 et

103 1787 230 1830 causam
241 1764 374 1848 proprie
388 1765 512 1842 dictam,
533 1788 612 1850 quae
628 1767 733 1832 omnia
747 1766 859 1831 efficiat
873 1779 908 1829 ut
923 1766 1028 1831 omnia
1041 1787 1106 1830 non

103 1872 201 1934 modo
225 1880 346 1930 caetera
370 1891 449 1952 quae
470 1871 571 1947 liunt,
606 1873 714 1934 sedet
743 1871 951 1956 cogitationes
979 1883 1107 1933 nostrae

105 1972 265 2054 exipsius
288 1972 480 2036 motionibus
501 1975 694 2055 procedant,
732 1975 824 2057 plane
848 1973 937 2056 quasi
963 1975 1104 2036 membra
1186 1979 1190 1991 “

106 2074 291 2158 animantis,
315 2062 453 2159 quorum
474 2075 597 2160 singula
618 2098 683 2141 non
705 2089 872 2141 moventur
886 2083 939 2140 'ex
964 2097 1018 2154 se,
1053 2077 1109 2138 scd

106 2201 149 2242 ex
170 2201 210 2242 eo
236 2180 323 2263 quod
344 2179 378 2241 in
405 2201 532 2263 quoque
561 2179 715 2243 animante
739 2180 914 2263 principale
939 2190 998 2242 est.
1042 2177 1108 2242 Alii
1180 2241 1181 2244 ,

99 2281 186 2348 'vero
214 2283 489 2347 circumactionem
517 2284 656 2348 universi
688 2297 768 2368 quae
796 2306 855 2348 nos
888 2282 1109 2366 eonrplectitcu·

94 2386 215 2461 ¹dicunt
247 2407 303 2448 sua
333 2387 473 2450 motione
506 2411 631 2450 causam
662 2409 730 2450 esse
766 2373 833 2451 cur*
860 2378 1107 2471 fiant‘singulffi

107 2489 265 2572 fidemque
281 2491 432 2552 habentes
454 2491 613 2554 stellarum
634 2503 699 2554 turn
718 2491 916 2576 vagantium,
955 2501 1021 2551 tum
1046 2501 1108 2550 sta-

106 2593 217 2656 bilitun
242 2593 355 2654 mutuis
384 2593 466 2656 inter
488 2616 522 2656 se
547 2595 758 2658 habitibustet
780 2592 1040 2679 figurationibus,
1066 2594 1109 2655 ob

109 2717 240 2780 eaquae
256 2695 328 2758 inde
344 2679 483 2777 praedici
501 2699 604 2760 solent
622 2699 761 2762 inferunt
778 2698 900 2782 singola
915 2695 996 2758 lieri.
1032 2695 1110 2757 Inde

109 2821 177 2864 esse
203 2799 290 2882 quod
303 2821 427 2893 *causae
451 2800 532 2863 inter
559 2824 592 2864 se
620 2790 865 2884 complicentur,
900 2801 971 2863 inde
996 2819 1111 2861 nexunt

111 2901 295 2994 asnmmis,
321 2914 351 2964 et
376 2906 461 2987 quod
483 2925 524 2966 cx
542 2904 703 2987 prioribus
726 2905 905 2986 posteriora
927 2913 1108 2986 sequantur,

111 3018 143 3069 et
164 3007 203 3068 ad
220 3025 257 3068 ea
282 3007 431 3083 redeant,
466 3009 548 3070 unde
574 3008 657 3071 facta
679 3007 740 3070 sint
761 3019 792 3070 et
816 3005 882 3069 sine
904 3007 1017 3089 quihus
1046 3027 1111 3068 non

92 3109 304 3184 extitissent,
337 3121 368 3171 et
394 3109 438 3172 ita
458 3110 601 3174 'subiecta
626 3110 686 3174 sint
715 3107 978 3175 antecedentibus
998 3129 1110 3170 conse-

111 3198 249 3297 quentia.
307 3213 399 3279 Haec
429 3213 484 3296 qui
514 3213 612 3290 dicat,
651 3236 722 3278 earm
755 3224 887 3296 apparet
920 3210 984 3300 alio
1014 3211 1110 3272 modo

110 3317 225 3378 Fatum
249 3314 409 3378 inducere.
455 3315 568 3380 Sedet
594 3319 653 3381 hos
673 3318 727 3401 qui
746 3317 777 3380 in
796 3321 871 3378 duas
897 3305 1013 3377 classes
1036 3333 1111 3393 par·

109 3419 206 3504 tietur
228 3440 245 3480 a
266 3439 345 3482 vero
370 3440 435 3482 non
458 3421 634 3503 aberrabit.¹
673 3423 753 3484 Nam
778 3421 829 3483 alii
850 3422 889 3481 ab
915 3417 981 3480 imo
1007 3414 1111 3479 omnia

25 3580 27 3586 .
109 3523 325 3604 suspendunt,
350 3521 401 3586 alii
421 3544 484 3588 non
505 3520 605 3586 item(
635 3525 686 3588 De
710 3524 759 3587 his
784 3525 905 3588 dicetur
933 3545 992 3588 suo
1021 3522 1111 3587 loco·

11 3610 16 3623 ⁸
110 3628 206 3702 Nunc
228 3645 308 3688 vero
326 3645 431 3689 sermo
458 3628 496 3688 ad
516 3626 637 3709 primos
658 3627 730 3692 illos
751 3629 855 3692 redire
877 3630 987 3704 debet,
1019 3641 1054 3692 ut
1073 3630 1110 3689 de

111 3727 247 3794 caeteris-
267 3750 325 3794 suo
349 3729 457 3794 ordine
482 3730 652 3794 videamus.
