2758 4760
343 699 387 767 ,οῖ
408 685 674 787 συγχωρήσαντες
694 689 946 780 ἀναιτοβλὴτονς
966 691 1028 772 τὰς
1042 686 1162 784 ἀρετάς
1179 715 1214 758 τε
1228 695 1284 762 καλ

280 802 396 880 κακίας
423 801 506 868 ε’ῖναι
533 799 612 877 ἴσως
638 792 888 890 προχειρότερον
916 791 1139 883 λαμβάνοντες
1160 796 1285 882 λε’γοιεν

278 902 320 973 ἀν
351 907 378 987 ¹)
409 899 496 969 κατὰ
522 903 620 969 τοῦτο
649 898 708 978 τάς
739 899 818 982 ἕξεις
845 901 897 968 666
924 905 995 978 τοῖς
1022 898 1152 988 ἔχουσιν
1183 899 1284 979 ἐῖναι,

277 1002 434 1075 καθόσον
453 1001 519 1098 πρὸ
541 1005 601 1071 τοῦ
622 997 878 1090 λαβεῖνάοτάς,
911 997 957 1070 εἰτ’
980 997 1095 1080 ἀστοῖς
1115 989 1157 1083 66
1177 1002 1206 1084 9)
1228 1005 1288 1068 καὶ

275 1107 321 1200 μὴ
343 1111 465 1196 λαβεῖν.
517 1103 568 1201 ‘06
588 1131 623 1174 τε
644 1103 708 1197 γάρ
730 1102 790 1184 τάς
810 1101 930 1198 ἀρετάς
958 1105 1098 1193 ἔχοντες,
1136 1101 1207 1186 ε’ξὸν
1228 1109 1285 1170 καὶ

275 1210 315 1280 τὸ
343 1214 407 1280 666
433 1205 610 1299 βελτιόνων
638 1205 768 1297 ἀμελεῖν
803 1210 852 1290 ³),
898 1202 1046 1302 ἑλόμενοι
1073 1204 1118 1273 τά
1147 1207 1285 1293 βελτίω,

276 1311 391 1393 ἀστοῖς
419 1309 520 1382 ἀίτιοι
550 1314 608 1391 τός
636 1313 700 1379 τῶν
727 1308 851 1402 ἀρετῶν
879 1313 1025 1398 ἐγένοντο
1055 1304 1217 1396 κτήσεως,
1251 1306 1286 1378 66

274 1443 309 1486 τε
331 1415 391 1497 τὰς
412 1417 530 1494 κακίας
551 1415 677 1504 ἔχοντες
684 1465 693 1496 ,
715 1414 960 1505 παραπλησίως.
999 1407 1082 1481 ‘06
1105 1409 1207 1492 ἀστός
1228 1419 1286 1480 καὶ

275 1522 326 1588 εἰιὶ
347 1521 411 1588 τῶν
431 1518 549 1606 τεχνῶν
570 1512 678 1604 λόγος.
720 1517 792 1583 Καὶ
812 1514 877 1609 γάρ
899 1518 963 1585 τῶν
980 1517 1131 1606 τεχνιτῶν
1145 1521 1286 1596 ἕκαστος

274 1619 338 1713 πρὸ
359 1627 420 1710 μὲν
440 1621 500 1689 τοῦ
521 1623 632 1708 τέχνην
654 1619 755 1708 ἐγειν,
792 1621 853 1709 ε’ῖχε
881 1625 937 1688 καὶ
966 1622 1027 1687 τοῦ
1053 1617 1099 1708 μὴ
1121 1623 1286 1706 γενέσθαι

272 1723 333 1807 τὴν
362 1724 525 1806 ἐξουσίαν·
561 1718 731 1812 γενόμενος
759 1724 796 1790 66
828 1718 929 1790 οὐκέτ’
960 1721 1054 1791 ἔσται
1083 1719 1195 1815 κόριος
1222 1731 1286 1791 τοῦ

272 1823 319 1916 μὴ
339 1831 508 1915 γεγονέναι
528 1851 563 1893 τε
584 1831 639 1893 καὶ
661 1827 746 1893 ε’ῖναι
767 1827 927 1905 τοιοῦτος.
966 1822 1022 1894 ‘Ac
1051 1822 1116 1919 γὰρ
1145 1830 1286 1912 γενέσεις

273 1930 338 1998 τῶν
359 1926 519 1998 τοιούτων
540 1923 590 2022 ἐφ’
613 1923 712 2016 ἡμῖν,
740 1934 795 1995 καὶ
817 1923 996 1996 διάτοῠτο
1017 1926 1078 2018 οὐχ
1100 1924 1222 2017 ὁμοίως
1243 1926 1286 1997 τὸ

232 2047 236 2055 ’
274 2027 404 2114 ἀληθὲς
425 2033 476 2101 666
496 2056 531 2099 τε
553 2032 616 2100 666
636 2026 838 2119 μελλόντων,
873 2037 929 2098 καὶ
957 2033 1008 2099 εἰιὶ
1036 2033 1100 2100 666
1128 2029 1232 2101 όντων
1253 2026 1287 2115 ⁴)

273 2160 307 2204 τε
328 2135 387 2203 καί
405 2130 605 2224 γεγονότων,
642 2126 695 2202 ότι
716 2131 756 2201 τό
783 2142 843 2223 μὲν
871 2131 910 2202 όν
938 2159 972 2203 τε
1002 2137 1030 2216 ⁵)
1063 2141 1119 2203 καὶ
1149 2132 1288 2223 γεγονός

274 2234 335 2328 οὐχ
356 2234 427 2306 όῖόν
448 2263 482 2304 τε
503 2226 544 2320 66
564 2233 610 2326 μὴ
632 2237 715 2304 εῖναι
737 2232 758 2303 6
777 2233 823 2324 μὴ
852 2239 1038 2324 γεγονέναι,
1076 2235 1114 2304 τό
1143 2241 1179 2305 δὲ
1207 2241 1287 2328 666-

275 2346 337 2410 λον
353 2341 512 2462 γίνεσθαι
534 2341 695 2427 ἐνδέχεται
715 2345 771 2406 καλ
791 2337 837 2428 66
858 2342 1036 2429 γίνεσθαι·
1061 2338 1114 2408 666
1136 2338 1201 2434 πρό
1223 2349 1287 2431 μὲν

273 2446 334 2512 τοῦ
355 2439 415 2526 τὴν
436 2439 555 2570 ἀρετὴν
575 2442 657 2531 ἔχειν
678 2437 773 2510 τόνδὲ
800 2469 874 2511 τινα
902 2431 1079 2527 ἀληθὲς
1059 2467 1099 2525 ην
1128 2440 1167 2510 τό
1197 2444 1286 2512 6666-

251 2552 401 2638 «χεσθαι
431 2550 487 2613 καὶ
515 2542 561 2634 μὴ
589 2548 752 2632 γενέσθαι
781 2545 941 2615 τοιοῦτον.
989 2539 1033 2614 ‘0
1060 2539 1118 2615 δὲ
1132 2549 1288 2616 τοιοῦτον

273 2651 417 2738 γίνεται,
452 2649 552 2716 τοῦτο
574 2653 629 2715 καί
650 2643 823 2737 γενόμενον
844 2644 975 2731 ἀληθὲς
998 2644 1084 2717 όότω
1106 2653 1210 2738 λέγειν
1231 2677 1287 2772 γε-

273 2756 415 2842 γονῖναι
467 2746 518 2818 'Ec
537 2747 636 2840 μὲν
619 2752 678 2818 066
700 2753 734 2818 ἐκ
761 2753 890 2839 γενετῆς
926 2747 945 2818 ό
965 2748 1143 2874 φρόνιμος
1170 2755 1286 2822 τοιοῦ-

273 2881 351 2938 τος,
373 2859 429 2922 καὶ
450 2853 549 2922 τοῦτο
570 2850 656 2947 πρὸς
677 2860 747 2933 τοῖς
768 2851 883 2937 ἀλλοις
906 2847 973 2938 ⁶)‘
956 2851 1021 2922 666
1032 2852 1196 2980 φύσεως
1193 2853 1288 2952 ἀντῷ

273 2961 458 3080 δεχομένας
475 2959 537 3047 ἐῖχε
556 2952 630 3078 παρ’
650 2957 769 3078 ἐκείνης
783 2953 911 3043 λαβὼν,
932 2952 1002 3026 οὐδ’
1018 2950 1140 3038 όλως’“
1117 2983 1159 3028 αν
1176 2947 1217 3043 66
1236 2929 1284 3029 ἐνί

274 3058 364 3155 6666
377 3086 417 3128 το
403 3056 515 3128 ίῖναι
530 3056 680 3153 τοιούτῳ,
697 3051 804 3152 όίσιιερ
821 3057 943 3128 οὐδὲ
910 3086 949 3128 το
961 3062 1044 3130 ε’ῖναι
1059 3063 1180 3145 δίποδι,
1195 3059 1287 3146 ἢλο-

273 3188 354 3257 γικω
339 3165 409 3247 ⁷),
433 3156 543 3232 οὐδ”
520 3188 561 3232 αν
576 3164 721 3246 ἐπονεῖτο
737 3161 785 3230 ἔτι
799 3165 850 3230 ἐπὶ
864 3163 910 3258 τῷ
925 3165 1076 3283 60606606
1097 3166 1190 3248 66666,
1212 3163 1284 3236 ἀλλ

274 3259 534 3356 ἐθαυμάζετο
501 3291 554 3350 ,ος
568 3263 648 3354 ἔχων
661 3261 755 3356 τιαρόι
769 3265 826 3384 τῆς
839 3233 941 3346 θείας
959 3262 1088 3388 εμόσεως
1106 3270 1212 3358 δῶρον
1226 3295 1285 3354 τη·

246 3393 248 3400 ’
274 3371 435 3438 λικοότον.
453 3363 564 3447 Ως
526 3393 590 3459 γαρ
601 3390 667 3435 των
675 3391 890 3453 ογιαινοντων
901 3361 984 3452 ⁸)
964 3378 1090 3459 οσοιμὲ
1093 3394 1111 3438 6
1126 3367 1287 3454 ἀσθενεῖς

275 3469 366 3550 ὄντες
376 3467 435 3553 τὴν
448 3466 560 3565 φύσιν,
577 3466 689 3537 666
648 3494 707 3553 της
719 3471 839 3550 οἰκείας
850 3472 1063 3592 ἐπιμελείμς’
1046 3479 1109 3541 εισι
1117 3493 1266 3545 τοιουτοι
1274 3530 1284 3561 ,

274 3570 413 3653 τσότοος
432 3581 493 3664 μὲν
507 3568 761 3696 6666606666‘
708 3624 717 3655 ,
739 3601 782 3653 ως
796 3575 919 3696 ἑμντῶν
917 3571 1093 3697 66660666
1108 3565 1169 3660 666
1181 3604 1285 3672 ιιρος-

274 3671 422 3760 ἥκουσαν
452 3679 687 3765 ποιουμένοις,
723 3671 834 3758 6666
857 3672 1021 3798 μρόνοιαν
1049 3675 1109 3748 ὀόκ
1138 3683 1222 3750 εἰσιν
1251 3687 1287 3752 ἐν
1368 3717 1373 3750 ι

273 3779 321 3874 τῷ
341 3782 464 3861 νοσεῖν,
486 3774 563 3856 τοὺς
584 3780 658 3846 66
642 3803 677 3845 εκ
698 3773 828 3872 φύσεως
848 3775 1026 3866 ὑγιεινοὺς,
1058 3782 1214 3864 καὶτοὺς
1234 3785 1283 3912 μὴ

275 3850 456 3961 νόοσῦντας
476 3877 553 3964 6)''
529 3905 607 3949 ανεο
627 3882 854 3973 πραγματείας
875 3889 931 3950 καὶ
952 3885 1156 4002 εμροντίδος,
1173 3885 1285 3958 σάκέτι

272 3993 334 4075 μὲν
362 3979 572 4072 ἐπαινοῦμεν,
607 3985 827 4076 μακαρίζομεν
856 3987 908 4068 δὲ,
944 3982 987 4065 ὡς
1004 3995 1104 4078 χωρὶς
1124 3987 1284 4090 καμάτων
