2804 4762
269 417 309 479 48

254 577 337 664 ζόου
358 576 533 671 γινόμενα,
569 580 615 670 μὴ
638 577 848 670 ὁρμήσαντος
876 585 936 650 τοῦ
965 578 1070 664 ζόου,
1107 579 1275 652 όλλὰδιὰ

255 689 293 752 τό
313 688 631 772 συγκατατίθεσθαι
673 693 733 772 μέν
754 683 792 752 τό
814 687 895 766 ζῶον
907 692 964 753 καὶ
978 682 1123 776 ὁρμῆσαι
1136 687 1272 783 γίνεται,

255 788 301 880 μὴ
322 791 617 875 συγκαταθεμένου
640 786 669 868 6)
698 791 733 853 δὲ
756 785 794 854 οὐ
817 789 953 873 γίνεται.
1004 790 1120 854 Ταῦτα
1144 791 1195 855 ἐπὶ
1223 791 1270 880 τῷ

170 881 174 893 '¹
255 889 323 982 ζιίῳ
346 897 449 978 φασὶν
470 894 570 970 ε’ῐναι,
618 891 651 972 έξ
670 885 814 977 ἀνάγκης
833 897 893 979 μὲν
922 886 1059 979 ἐσόμενα
1088 887 1132 958 εἰτ’
1164 887 1271 982 ἀστῷ,
1322 917 1325 934 ·

255 991 380 1085 οὐγὰρ
403 988 474 1060 ὁῑόν
496 1017 531 1059 τε
553 990 679 1073 ἄλλως,
707 995 754 1085 τῷ
776 989 880 1082 δὲμὴ
904 990 1079 1062 δύνασθαι
1101 990 1140 1060 δι’
1165 992 1270 1062 ἄλλον

255 1094 360 1178 τινὸς,
382 1091 403 1178 ἢ
424 1092 481 1163 διὰ
501 1091 621 1162 τὀιίτου
643 1098 820 1180 γενέσθαι,
842 1090 918 1183 μηδ
941 1093 1049 1174 ἄλλοις
1068 1091 1091 1177 ἢ
1113 1091 1199 1162 ὁιίτω
1214 1093 1272 1164 διὰ

256 1195 397 1282 τούτου,
419 1200 466 1290 τῷ
488 1201 571 1265 έῖναι
593 1192 681 1266 ἆυτόι
701 1199 753 1267 έιτὶ
775 1200 821 1290 τῷ
843 1193 913 1290 ζώφ
937 1193 1120 1280 όιηθέντες.
1158 1193 1272 1266 Ἀλλὰ

253 1297 352 1371 τοῦτό
384 1327 420 1389 γε
452 1306 507 1368 καὶ
542 1303 593 1367 εἰιὶ
621 1301 685 1368 τῶν
713 1298 822 1368 ἄλλων
851 1298 993 1368 ἑκάστου
1028 1304 1131 1387 λέγειν
1160 1303 1267 1370 ἐστίν·

255 1401 330 1474 ὀύτε
350 1402 415 1498 γὰρ
436 1401 476 1470 τό
498 1399 557 1470 διοὶ
576 1403 638 1484 τοῦ
658 1399 763 1493 πυρὸς
784 1398 956 1491 γινόμενον
977 1398 1028 1470 ὑπ’
1053 1401 1160 1471 ἄλλον
1181 1401 1271 1483 τινὸς

256 1506 298 1578 όίν
325 1512 471 1595 γένοιτο,
512 1499 580 1571 οὔτ’
615 1501 722 1583 ἄλλως
753 1502 810 1580 διόι
841 1508 901 1572 τοῦ
928 1503 1053 1597 ιιυρὸς,
1089 1503 1190 1588 ἢδιόι
1211 1510 1271 1575 τοῦ

254 1611 444 1703 θερμῆναι,
482 1602 575 1686 ὠςδ
601 1608 667 1674 {aaz
687 1603 765 1695 μηδ
787 1604 894 1686 όίλλως
918 1612 1046 1694 γένοιτο
1069 1607 1112 1678 τόν
1132 1606 1190 1682 διὰ
1210 1613 1271 1678 τοῦ

255 1711 360 1805 ιτυρὸς
380 1707 554 1799 γινόμενοι,
589 1706 611 1791 ἢ
632 1707 866 1801 θερμήναντος
892 1715 952 1778 τοῦ
980 1709 1085 1802 τινρός
1108 1718 1164 1780 καὶ
1185 1717 1271 1804 θερ-

256 1813 422 1906 μόναντος
442 1822 502 1901 μέν
524 1809 629 1880 σἰυτοῦ
651 1812 774 1896 ἔσται,
807 1811 853 1904 μὴ
882 1810 1117 1905 θερμήναντος
1146 1820 1181 1884 δὲ
1211 1816 1272 1886 οὐκ

255 1921 367 2001 ἔσται,
401 1920 449 1999 έίη
471 1912 512 1984 όίν
533 1917 584 1984 ἐπὶ
612 1918 657 2009 τῷ
685 1923 764 2009 πυρί
786 1920 903 1986 ταῦτα.
950 1914 1002 1984 Τίι
1036 1914 1066 1984 δ
1096 1915 1184 1988 όυτόι
1201 1925 1271 1994 ,καὶ

256 2018 311 2118 ὑφ’
336 2016 475 2092 ἑκάστου
497 2021 560 2088 τῶν
581 2015 691 2087 ἄλλων
712 2019 806 2088 ἔσται
826 2025 930 2108 λέγειν
954 2020 1025 2103 ⁶b).
1073 2023 1114 2090 Τί
1134 2018 1198 2114 γὰρ
1221 2026 1275 2090 δεῖ

255 2129 491 2218 μακρολογεῖν,
512 2118 686 2210 γεγονότος
708 2124 767 2192 τοῦ
789 2128 964 2212 λεγομένου
985 2125 1171 2214 γνωρίμους
1195 2122 1270 2194 ὀνο-

242 2225 370 2319 μοίτων
386 2237 449 2315 ,μέν
477 2225 542 2318 γὰρ
571 2226 601 2308 ⁷)
630 2223 735 2304 οὐδεὶς
764 2223 910 2319 φθόνος.
968 2224 1016 2296 Τὸ
1045 2222 1075 2294 δ
1108 2225 1271 2315 ἡγεῖσθαι

256 2338 357 2405 πλέον
384 2356 419 2398 τι
447 2335 517 2408 τοῖς
546 2324 641 2411 ζώοις
669 2324 815 2411 διδόναι,
851 2331 884 2398 έν
917 2335 986 2409 τοῖς
1013 2335 1195 2418 γινομένοις
1227 2329 1269 2402 δι’

256 2433 381 2515 ἀυτῶν,
416 2430 509 2524 παρὰ
537 2428 647 2498 τόίλλα
668 2428 707 2498 δι’
733 2422 776 2500 ὧν
797 2457 830 2500 τι
859 2432 889 2516 ⁸)
918 2440 974 2500 καὶ
995 2429 1102 2502 ἀυτῶν
1122 2437 1270 2520 γίνηται,

254 2541 357 2628 μηδὲν
377 2541 474 2606 πλέον
495 2536 555 2602 τοῦ
576 2529 621 2602 έιέ
651 2529 765 2614 ἆυτοῑς
797 2532 964 2624 ὀνόματος
996 2539 1177 2628 τηροῦντας
1208 2535 1269 2608 ἆυ-

223 2681 225 2686 ·
255 2647 341 2723 τοῖς,
377 2635 462 2714 τοῦτ’
495 2634 578 2706 ἆυτό
613 2633 781 2706 σἰιτιατέον
792 2689 801 2720 ,
838 2634 881 2717 ὡς
903 2635 1011 2708 ἀυτῶν
1033 2636 1269 2730 ἀνισταμένων,

256 2742 315 2812 διὰ
335 2741 394 2826 τὴν
415 2743 474 2810 τοῦ
498 2737 664 2828 ὀνόματος
686 2741 874 2824 κοινωνίαν,
909 2737 931 2823 ἢ
963 2737 1007 2821 ὡς
1038 2741 1116 2822 τοὺς
1148 2741 1270 2824 ἄλλους

256 2844 390 2938 ἆαατᾷν
410 2848 687 2936 προαιρουμένων.
725 2840 797 2911 'Em
819 2840 925 2937 τούτῳ
948 2847 1002 2927 δέ,
1033 2848 1132 2914 έκεῖνο
1156 2844 1197 2916 σίν
1218 2873 1270 2928 τις

256 2947 365 3020 ἆυτιῖνν
384 2944 609 3036 θαυμάσειεν,
646 2949 678 3014 τί
700 2943 877 3032 μαθόντες
906 2952 939 3016 ἐν
966 2950 1007 3043 τῇ
1040 2945 1125 3045 ὁρμῇ
1151 2976 1185 3016 τε
1212 2958 1270 3019 καὶ
1331 3023 1335 3030 ,

257 3056 526 3178 ρυγκαταθέσει
538 3048 577 3118 τό
612 3046 661 3145 έφ
695 3047 773 3139 ἡμῖν
805 3075 911 3144 φασιν
946 3053 1045 3132 εἰναι,
1092 3048 1173 3122 διΗ
1162 3049 1181 3120 ό
1213 3061 1270 3122 καὶ

257 3152 377 3246 ὁμοίως
399 3157 433 3224 έν
453 3157 536 3223 ιιᾶσι
558 3181 627 3233 τοις
649 3150 744 3235 ζώοις
766 3179 805 3236 τι
795 3178 923 3245 ρουσιν
945 3150 1048 3254 ἆυτό
1082 3153 1120 3223 οὐ
1142 3153 1207 3249 γὰρ
1229 3156 1269 3224 τὸ

255 3255 305 3353 ἐφ’
328 3254 406 3346 ἡμῖν
427 3260 460 3327 έν
482 3260 528 3325 τῶ
558 3259 747 3352 φαντασίας
775 3246 1022 3384 προςαεσοόσιγς
1055 3260 1136 3340 έῖξαί
1167 3285 1201 3326 τε
1234 3263 1269 3343 ἐξ

255 3364 379 3432 ἑαυτῶν
399 3363 440 3458 τῇ
461 3362 651 3488 φαντασία
656 3386 712 3427 και
735 3356 882 3452 ὁρμνγσαι
904 3363 955 3429 ἐπὶ
976 3358 1015 3428 τό
1038 3370 1159 3453 φανέν,
1181 3359 1268 3432 αλλα

202 3513 207 3522 ·
257 3468 356 3537 τοῦτο
376 3463 472 3554 μὲν
458 3461 499 3532 σίν
521 3465 599 3542 ἴσως
624 3465 671 3546 έίη
699 3464 760 3529 τοῦ
786 3463 937 3534 ἑκουσίου
965 3453 1268 3542 κατασκευαστικόυ

255 3594 290 3638 τε
317 3574 373 3636 καὶ
401 3562 571 3637 δεικτικόν.
608 3562 667 3634 ’ου
688 3563 753 3655 μὴν
774 3564 897 3636 ταυτὸν
920 3563 967 3649 τό,
970 3594 1003 3634 τε
1032 3565 1183 3637 ἑκούσιον
1208 3577 1266 3638 καὶ

255 3670 295 3742 τὸ
317 3668 365 3766 ἐφ’
390 3667 485 3760 ημῖν
519 3663 668 3750 έκουσιον
688 3678 749 3759 μέν
775 3667 831 3738 τὸ·
843 3671 876 3754 ἐξ
858 3667 1067 3758 ξονβιοίστου
1094 3669 1267 3793 γινόμενον

256 3777 552 3863 συγκαταθέσεως,
588 3767 691 3866 ἔφη
671 3769 812 3863 ἡμῖνδὲ
841 3773 879 3841 τὸ
908 3770 1079 3878 γινόμενον
1103 3801 1187 3863 μετα
1207 3779 1267 3859 τῆς

256 3876 345 3956 κατὰ
364 3873 464 4000 λόγρν
486 3881 597 3944 τεκαὶ
626 3878 733 3967 κρίσιν
762 3871 1058 4003 ρυγκαταθέσεως·
1096 3875 1194 3982 (λό’
1179 3881 1205 3946 εί
1232 3905 1267 3946 τι

257 3983 354 4071 μέν’
339 4009 381 4076 εφ
418 3975 516 4068 ἡμῖν,
552 4005 650 4052 τουτο
678 3986 733 4052 καὶ
762 3976 931 4064 ε’κονσιον,
969 3977 1007 4048 οὗ
1035 3978 1100 4068 μὴν
1128 3983 1194 4052 πᾶν
1226 3981 1266 4052 τὸ
1329 3987 1334 3996 “
