2728 4758
250 421 311 502 ιω
407 473 410 477 -

251 578 345 674 θεῶν
367 601 476 674 οῦκέτι
498 597 656 694 ἀόριστον
677 592 746 664 ἀλλ’
771 592 963 688 ὡρισμένον.
1021 593 1129 675 Δήλον
1151 584 1219 660 δέ
1209 584 1295 659 ότι

251 715 306 776 καὶ
328 709 367 803 τῇ
389 703 532 798 ήμετέρα
553 699 669 792 γνώσει
691 697 832 768 δυνατὸν
861 695 1045 791 ὡρισμένως
1065 703 1146 764 ποτέ
1166 692 1263 784 γινά

254 816 403 904 σκεσθαι
435 807 473 877 τό
506 803 729 896 ένδεχόμενον,
769 794 824 870 ότε
853 799 929 870 οῦδὲ
957 801 1075 894 κυρίως
1103 799 1151 868 ἔτι
1173 799 1262 866 ἔστιν

251 909 458 1002 ἐνδεχόμενον
469 963 478 994 ,
508 906 578 978 ἀλλ’
602 902 799 994 ἐξάνάγκης
819 901 1009 974 ἀκολουθεῖ
1026 908 1096 983 τοῖς
1117 926 1264 1021 προηγη-

253 1021 410 1104 σαμένοις
438 1012 558 1136 ἀιτιοις
589 1015 649 1095 τῆς
680 1011 800 1079 ἑαυτοῦ
831 1004 1018 1096 γεννήσεως.
1080 1003 1148 1089 Τήν
1183 1007 1266 1093 γοῦν
1292 1063 1294 1066 .

250 1123 403 1212 σφαῖραν
418 1115 478 1200 τήν
491 1114 679 1210 ἠρεμοῦσαν
695 1117 728 1182 έν
746 1108 1005 1206 παραλλήλῳ
970 1137 1014 1179 τω
1000 1107 1211 1232 ὁρίζοντι
1195 1135 1265 1176 επι-
1294 1185 1299 1198 Ι

252 1225 356 1314 πέδῳ,
393 1219 535 1290 δυνατὸν
560 1227 621 1308 μέν
650 1220 709 1286 τοῦ
738 1220 891 1285 ἐπιπέδου
920 1213 979 1298 τήν
1007 1210 1112 1296 ἀυτήν
1133 1212 1267 1300 έχοντος

251 1328 365 1392 θέσιν
374 1325 545 1392 κινεῖσθαί
568 1349 601 1390 τε
622 1317 687 1389 ῦπό
708 1345 797 1400 τινος
818 1325 875 1388 καὶ
895 1316 958 1408 μή,
980 1321 1039 1386 τοῦ
1059 1320 1173 1404 μέντοι
1195 1318 1266 1384 έπι-

251 1421 352 1496 πέδου
374 1431 567 1550 μλιθέντος,
588 1423 633 1512 μή
657 1428 828 1492 κινεῖσθαι
850 1420 1024 1492 ἀδύνατον.
1070 1417 1135 1489 Διά
1157 1421 1267 1488 ταῦτα

250 1528 406 1610 καὶτοὺς
428 1527 564 1620 ἰατροῦς
593 1524 719 1658 ἀροῦμεν
747 1523 803 1594 ὁτὲ
830 1535 890 1616 μέν
856 1523 1015 1594 ἐοῦδέν
1044 1524 1267 1646 θαρροῦντας

250 1632 510 1762 ἀποφαίνεσθαι
539 1637 611 1723 περὶ
641 1632 705 1699 των
734 1626 928 1723 ἀρρώστων,
962 1631 1022 1697 ε’ίτε
1054 1624 1268 1714 ῦγιανοῦσιν,

149 1727 152 1740 ⁴
249 1739 311 1804 έίτε
335 1732 600 1858 φθαρήσονται,
631 1729 674 1814 ὡς
696 1731 737 1802 ἀν
758 1729 1012 1822 ένδεχομένων”
993 1755 1095 1800 οντων
1116 1727 1268 1852 ἀμφοτέ-

248 1864 333 1931 ρων,
366 1834 421 1906 ὁτὲ
444 1842 479 1906 δέ
502 1833 741 1916 ἀνενδοιάστως
762 1843 835 1929 περὶ
857 1839 917 1905 τοῦ
939 1838 1050 1928 ἑτέρου
1072 1831 1199 1903 τούτων
1222 1831 1267 1913 ὡς

251 1943 298 2036 τῷ
319 1936 479 2035 ἀρ’ῥάστῳ
501 1937 632 2020 πάντως
652 1966 706 2008 τοι
724 1937 935 2034 ὑπάρξαντος
955 1936 1257 2034 ἀποφαινομένους.

308 2146 397 2218 Ἐπεὶ
419 2152 456 2217 δέ
476 2157 562 2230 τινες
584 2145 801 2243 θρασύτερον
818 2145 1103 2244 ἀναστρεφόμενοι
1117 2153 1193 2241 περὶ
1207 2145 1267 2230 τήν

249 2246 382 2336 ζήτησιν
411 2255 471 2320 τοῦ
497 2259 711 2344 προκειμένου
744 2248 968 2342 θεωρήματος
990 2250 1118 2320 ὀίονται
1140 2247 1267 2320 δεικνῦ-

249 2382 306 2424 ναι
326 2352 410 2446 μηδὲ
430 2361 502 2435 τοῖς
522 2352 666 2435 θεοῖς
641 2361 824 2476 ωρισμέηην
838 2348 1053 2449 ὑπάρχουσαν
1067 2356 1188 2442 γνῶσιν
1202 2357 1268 2423 τῶν

254 2462 494 2548 ἐνδεχομένων,
502 2456 672 2580 χρησμοὺς
684 2456 890 2588 παράγοντες
911 2456 989 2548 ήμῖν
1010 2465 1083 2584 περὶ
1105 2457 1169 2526 τῶν
1189 2462 1268 2546 μελ

253 2559 376 2630 λόντων
390 2558 643 2688 ἀμφιβόλως
623 2568 918 2692 ἀποφηναμένους,
951 2565 1066 2684 ῥητέον
1092 2559 1181 2651 πρὸς
1207 2557 1268 2630 ἀυ-

234 2662 352 2744 ,τοῦς,
385 2657 468 2757 άπερ
491 2660 510 2731 ό
532 2669 635 2753 μέγας
657 2672 740 2760 φησὶ
761 2659 1000 2760 Συριανὸς,”
981 2693 1034 2735 οτι
1055 2668 1186 2759 πρῶτον
1206 2674 1268 2755 μὲν

255 2762 444 2861 έφιστάνειν
459 2768 570 2860 έχρήν,
595 2765 639 2848 ὡς
660 2767 744 2853 άλλη
765 2799 789 2859 μ
792 2779 826 2838 έν
847 2771 937 2838 ἔστιν
957 2767 978 2852 5
1001 2772 1065 2838 τῦν
1079 2771 1171 2837 θεῶν
1185 2771 1268 2856 γνῦ-

195 2902 199 2911 ·
252 2893 305 2949 σις
327 2877 383 2940 καὶ
404 2865 534 2954 νόησις,
570 2874 665 2965 ἑτέρα
693 2877 730 2941 δὲ
752 2869 772 2956 5
795 2875 854 2956 τῆς
875 2869 1084 2968 προφήτιδας
1105 2875 1268 2966 ἐνέργεια,

251 2975 447 3057 κινηθείσης
466 2983 527 3062 μέν
549 2979 584 3044 ἐκ
604 2979 714 3059 θεοῦ,
736 2974 892 3061 τεκούσης
914 2981 949 3045 δέ
972 2980 1005 3046 έν
1027 2973 1111 3072 ἀυτῇ
1131 2984 1189 3045 καὶ
1210 2975 1268 3046 55-
1296 3037 1298 3044 .

249 3102 310 3164 γον
329 3074 503 3170 μεριστόν,
525 3085 581 3148 καὶ
601 3084 728 3172 μέτρα,
751 3087 807 3148 καὶ
828 3083 948 3169 γνοῦσιν
970 3077 1169 3176 ἀμφίβολον.
1219 3079 1266 3149 05

247 3176 314 3274 γάρ
336 3206 390 3248 τοι
411 3178 450 3248 τὸ
473 3181 722 3274 ἕλλαμπόμενον
743 3181 897 3252 τοιοῦτόν
919 3189 1024 3267 ἐστιν,
1044 3181 1130 3266 ,ὁῖον
1152 3181 1192 3252 τὸ
1215 3187 1266 3262 έλ-

179 3303 182 3310 ’
248 3280 397 3372 λάμπον,
420 3285 531 3354 ἔπειτα
554 3291 589 3354 δὲ
612 3279 665 3355 ότι
687 3293 742 3356 καὶ
764 3291 823 3355 τοῦ
842 3292 1070 3380 συμφέροντος
1085 3293 1188 3356 ἕνεκεν
1202 3290 1267 3356 σῦν

248 3383 437 3457 ἀκουόντων
458 3386 618 3470 πολλάκις
639 3388 823 3483 ἀμφίβολοι
845 3393 996 3460 δίδονται
1015 3398 1178 3484 χρησμοὶ,
1206 3389 1267 3474 τήν

249 3485 401 3558 διάνοιαν
423 3489 538 3561 ἀυτῶν.
552 3490 770 3581 γυμνάζοντες
791 3498 828 3577 ¹).
874 3496 1032 3585 Χρῦνται
1046 3493 1111 3587 γὰρ
1126 3490 1205 3582 ήμῐν
1220 3491 1265 3574 ὦς
1294 3579 1297 3583 .

251 3589 479 3676 ἀυτοκινήτοις
501 3600 533 3661 οἱ
555 3601 653 3678 θεοὶ,
681 3605 738 3666 καὶ
760 3600 878 3666 τοῦτον
900 3595 959 3666 τὸν
980 3594 1104 3688 τρόπον
1127 3595 1170 3665 τά
1189 3605 1264 3691 περὶ

249 3691 340 3783 ήμάς
361 3699 559 3789 κυβερνῶσι,
596 3707 651 3798 καὶ
674 3697 782 3770 πάντα
803 3696 881 3787 ήμίν
903 3698 989 3769 κατά
1009 3700 1068 3784 τήν
1089 3698 1181 3791 ήμῶν
1203 3701 1263 3769 55-

252 3799 316 3866 τῶν
336 3795 475 3881 ἀξίαν
453 3805 684 3890 ἀπονέμουσιν
733 3800 840 3872 Αλλά
867 3807 974 3885 ταῦτα
1006 3813 1066 3884 μέν
1098 3807 1177 3884 ἴσως
1208 3812 1263 3873 καὶ
1353 3843 1357 3852 ·

250 3898 423 3994 τολμηρά,
459 3910 516 3970 καὶ
543 3906 608 3972 τῶν
634 3911 853 3997 προκειμένων
882 3909 927 3986 έις
960 3909 1105 3990 ἐξέτασιν
1131 3907 1263 4002 μακράν

250 4000 523 4092 ἀποπλανώμενα.
