2728 4758
1047 395 1107 460 179

559 565 590 636 §-
621 559 655 630 8,

172 659 218 723 At
240 679 320 725 vero
342 659 575 726 dissertationes
605 683 685 746 quae
714 683 753 726 eo
782 667 933 743 tendunt,
968 679 1003 728 ut
1031 688 1113 730 cun*

108 775 159 827 cta
200 766 378 846 probentur
419 763 598 828 necessario
634 765 705 830 fieri
745 787 784 830 an
816 768 880 831 hoc
916 769 1008 832 ctiam
1027 755 1108 834 'vo-

107 867 199 942 lunt‚
233 867 298 929 hoc
320 887 447 952 quoque
469 867 647 930 hominibus
673 869 852 934 necessario
872 871 1035 948 accidere,
1060 883 1110 943 ,ut

107 969 212 1032 dicant
237 968 340 1038 omnia
365 969 542 1032 necessario
564 968 650 1045 fieri,
690 992 729 1033 an
754 972 887 1036 veroin
909 986 1026 1037 nostra·
1040 976 1109 1038 es'se

105 1077 265 1154 'potestate
300 1072 419 1154 positas
454 1071 619 1154 opiniones
649 1074 686 1134 de
718 1077 814 1138 modo
841 1096 905 1160 quo
930 1098 981 1140 res
1003 1076 1110 1140 fiunt?

105 1176 190 1238 Nam
211 1175 239 1237 si
259 1173 417 1257 posterius
444 1195 555 1238 verum
577 1187 643 1250 est,
667 1195 731 1238 non
749 1176 811 1239 iam
833 1177 1046 1245 omniserunt
1069 1203 1110 1243 ex

106 1277 308 1353 necessitate3
341 1277 389 1339 sin
413 1277 501 1360 prius
527 1288 575 1340 est
596 1299 729 1355 verum,
769 1283 932 1363 quomodo
958 1293 1030 1343 sunt
1056 1283 1110 1366 qui

106 1383 223 1445 docent
248 1379 459 1455 scunarium,
495 1380 592 1443 multa
614 1381 734 1444 scilicet
756 1365 823 1444 esse
851 1381 884 1444 iu
912 1395 1021 1445 nostra
1047 1387 1119 1466 po·'

103 1481 242 1548 testate?
263 1485 347 1546 Nam
367 1494 403 1549 ut
423 1503 442 1545 a
462 1494 575 1556 natura
600 1495 721 1548 cuncta
737 1485 917 1549 necessario
943 1486 1106 1563 efficiente,

104 1586 186 1650 sicut
198 1579 328 1652 'iliorum
339 1586 403 1650 fert
414 1587 583 1663 sententia,
607 1608 667 1649 nos
679 1609 864 1651 moveamur
876 1600 1003 1670 praeter
1018 1601 1109 1653 natu·

103 1709 172 1752 ram
197 1692 238 1752 ad
258 1691 494 1752 condemnanda
514 1711 557 1752 ca
571 1711 652 1774 qrrac
677 1713 696 1754 a
714 1702 832 1753 natura
856 1691 953 1768 fiunt,
977 1691 1069 1775 plane
1086 1709 1110 1757 'a

103 1793 228 1857 ratione
246 1793 379 1856 alienum
401 1805 466 1868 cst,
498 1804 529 1856 et
554 1795 673 1856 taleae
697 1793 724 1855 si
746 1792 815 1876 quis
835 1793 985 1856 medicam
1010 1807 1110 1858 artem

104 1900 222 1961 docens
254 1897 319 1959 hoc
348 1895 420 1977 ipso
457 1895 638 1978 discipulos
658 1917 733 1959 suos
766 1896 797 1957 in
826 1894 858 1957 id
885 1895 1036 1978 instruat,
1075 1911 1112 1961 ut

103 1997 259 2082 principia
288 1998 403 2062 tollant
428 1999 494 2062 eins
516 1999 591 2065 artis
619 2016 712 2082 quam
735 1998 855 2062 discere
878 1999 1020 2081 cupiunt.
1066 2003 1111 2064 Et

102 2115 208 2170 tamen
240 2099 312 2166 fieri
346 2113 455 2186 potest
486 2101 638 2169 artificem
673 2103 826 2184 quaedam
860 2101 966 2164 facere
998 2115 1110 2168 contra

104 2219 223 2282 artem,
253 2227 317 2269 non
344 2227 405 2289 qua
430 2205 586 2282 tulisset,
618 2216 694 2286 puta
716 2203 868 2268 medicum
892 2206 1110 2292 darevaborti·

105 2331 180 2378 mim
203 2319 256 2372 aut
273 2329 453 2386 vencnum,
476 2309 548 2392 qiua
571 2305 698 2371 scilicet
717 2307 851 2372 animum
874 2309 990 2372 habeat
1015 2309 1111 2394 quia

104 2433 174 2484 sese
201 2425 387 2490 moveatur,
421 2422 457 2484 ¹et
486 2433 537 2480 ars
564 2411 642 2474 nihil
675 2431 770 2493 saepe
801 2411 927 2474 confert
960 2414 998 2476 ad
1035 2434 1109 2494 per·
1166 2390 1170 2414 ’

103 2517 230 2608 fectum¹
248 2515 342 2582 animi
366 2528 498 2591 statum,
542 2515 630 2598 quod
663 2513 690 2578 is
724 2514 876 2578 maiorem
909 2515 1024 2577 babeat
1055 2539 1112 2582 cu-
1212 2581 1213 2584 ,

104 2641 171 2691 ram
208 2598 358 2701 dorporis
385 2631 438 2682 aut
468 2639 576 2686 rernm
605 2629 825 2684 externarum
864 2617 910 2700 At
937 2629 972 2680 ut
1001 2629 1112 2687 natura

104 2745 163 2791 suo
189 2720 362 2806 proposito
390 2721 587 2788 contrarium
617 2719 733 2804 aliquid
764 2719 880 2797 iaciat,
916 2720 987 2784 fieri
1017 2722 1111 2803 piane
1170 2727 1174 2740 ¹

103 2849 168 2892 non
186 2837 307 2909 potest.
352 2827 428 2889 Non
451 2823 531 2888 eninr
555 2823 634 2886 sicut
652 2821 686 2884 in
710 2823 893 2900 eventibus,
921 2824 964 2886 ita
986 2824 1018 2890 in
1041 2826 1111 2907 opi·

104 2930 252 3003 nicnibus
281 2930 321 2991 ad
342 2927 490 2992 materiae
512 2924 732 2990 abundantiam
757 2937 810 2988 aut
830 2927 994 3008 penuriam
1017 2949 1113 2997 causa
1173 3001 1179 3008 r

104 3031 220 3100 referri
245 3043 365 3114 potest.
392 3033 533 3114 'Neque
560 3029 640 3093 enim
670 3027 791 3092 etiamsi
816 3027 956 3112 fingendi
975 3029 1035 3094 sibi
1056 3029 1122 3098 au?

104 3149 191 3205 mant
215 3135 374 3200 licentiam
395 3135 488 3200 facile
509 3133 586 3218 ipsis
609 3131 670 3195 erit
692 3130 906 3196 dissidentium
926 3131 1114 3214 opinionum

104 3261 214 3310 musas
237 3261 278 3302 cx
300 3237 449 3302 materiae
479 3237 662 3301 diversitate
691 3255 874 3312 accersere,
910 3257 947 3298 ac
976 3234 1112 3316 proinde

104 3347 267 3410 adstruere
288 3351 353 3406 non
374 3351 526 3424 poterunt
540 3341 655 3406 Fatum
677 3359 803 3406 causam
825 3358 896 3402 esse
916 3359 1022 3406 rerum
1041 3359 1112 3410 om·

103 3447 201 3518 nun.
246 3445 311 3512 Sed
333 3446 371 3510 de
391 3442 440 3508 bis
462 3441 550 3508 satis.
1099 3437 1101 3440 ’
1199 3437 1201 3447 ’
