2774 4756
114 401 123 412 ,
253 327 427 418 neos.

339 522 369 586 in
400 522 546 588 versione
575 522 744 605 expressit.
788 522 832 586 Et
854 522 981 587 omnino
1007 520 1097 586 teies
1107 541 1259 587 numero·

339 648 410 692 rum
443 637 474 688 et
502 647 628 696 casuum
659 624 818 710 enalla'gee
840 627 924 688 houd
944 624 1156 707 infrequentes
1176 629 1258 758 aliud

340 729 478 813 opfimos
500 730 686 811 scriptores.
730 727 805 807 (0.)

257 835 311 915 33)
338 833 422 914 ἔξει
444 833 565 899 τινῶν
585 826 731 898 ιἰιιλιου
753 829 1001 918 συμπίπτει]
1024 829 1132 898 Ham.
1151 831 1259 896 etAl·

339 937 428 1000 dinae
449 935 565 998 habent
587 934 849 1021 συμπίπτουσαν,
873 935 955 1000 unde
977 933 1130 1004 Blcehius
1149 935 1258 1019 legen·

340 1041 413 1104 dnm
434 1048 540 1104 censet
560 1032 671 1106 ἆιιὶαυ
691 1058 753 1120 pro
776 1032 898 1106 ἆιτίωυ.
942 1036 1015 1119 (Q.)

255 1142 310 1224 36)
340 1137 405 1224 Μὴ
433 1145 502 1207 καὶ
529 1135 632 1230 ὑπὲρ
653 1142 824 1230 Μοῖραν
849 1139 934 1219 ete]
978 1141 1090 1208 Verba
1122 1139 1258 1204 Homeri

339 1245 487 1310 ll.XX.
515 1243 590 1308 336.
634 1243 713 1325 (0.)

255 1351 310 1432 36)
339 1343 416 1417 ὑπὸ
437 1343 529 1426 τοὺς
549 1340 1163 1434 uciveerrJNumsireeirrirmmree'm?
1184 1347 1256 1427 (Ο.)

255 1455 317 1534 3)
341 1455 404 1536 [έν
424 1450 478 1544 τῷ
505 1445 646 1542 πρώτῳ
674 1452 752 1519 τῶν
778 1451 1257 1542 μἐτιιορολομουμέυωυ]

340 1557 434 1619 Libr.
458 1521 488 1618 Ι.
513 1552 598 1639 Cap.
620 1556 720 1619 XIV.
764 1555 837 1636 (0.)

255 1661 310 1742 23)
337 1662 468 1746 μέγας
500 1653 677 1746 χειμὼν]
721 1656 914 1740 Sreopnme
936 1654 1156 1722 Coenam.
1179 1656 1256 1720 Ale.

337 1757 576 1854 μέροςχειμῴυ.
598 1762 770 1838 Mendose.
792 1760 954 1844 Loquitur
974 1759 1046 1826 scil
1062 1759 1254 1825 Aristoteles

337 1867 412 1932 loco
434 1863 530 1929 citato
553 1866 591 1928 de
613 1887 696 1931 anno
729 1885 868 1950 magno,
905 1866 945 1928 de
977 1883 1042 1946 quo
1075 1862 1256 1930 adscribere
1322 1852 1327 1859 ’

337 1967 430 2032 liceat
460 1968 567 2030 locum
604 1967 766 2034 classicum
802 1965 974 2052 Censorini
1006 1966 1044 2028 de
1074 1966 1123 2030 die
1152 1967 1257 2030 Natali
1377 2031 1378 2034 ,

338 2069 422 2156 Cap.
445 2069 581 2152 XVIII.
623 2073 683 2144 Est
702 2081 880 2152 praetereo
901 2089 1029 2146 onnus,
1064 2089 1167 2152 qoem
1186 2064 1257 2132 Ari-

331 2175 466 2250 stoteles
480 2176 672 2239 maximnm
684 2174 821 2254 potios,
842 2189 950 2253 quarn
959 2160 1124 2250 moenem
1139 2169 1258 2251 appel·
1377 2237 1378 2240 Ἴ

332 2275 403 2354 lot,
437 2293 538 2356 quem
568 2273 673 2349 solis,
707 2271 811 2334 lunae
842 2289 1079 2352 rugarumque
1099 2269 1256 2351 feririque

333 2373 513 2436 stellarum
534 2371 628 2436 orbes
648 2372 814 2452 efficiunt,
833 2387 913 2430 enm
935 2367 983 2429 ad
1003 2366 1089 2442 idem
1109 2369 1255 2446 signnm,

334 2469 394 2535 ubi
413 2470 587 2555 quondam
601 2467 906 2548 rimulsnerrrnt,
940 2485 1010 2530 nna
1038 2465 1254 2544 referuntur,

334 2573 433 2636 errius
448 2574 531 2640 anni
542 2573 646 2650 hiems
659 2590 793 2634 summo
813 2578 862 2633 est
881 2559 1135 2650 κατακλυσμὸς,
1157 2585 1255 2650 qoem

332 2672 441 2736 nostri
460 2669 627 2732 diluvium
651 2678 791 2731 vocant:
825 2677 938 2732 aestas
966 2676 1082 2732 antem
1114 2661 1256 2753 ἐκπύρω-

334 2793 403 2848 σις,
439 2768 601 2854 quaeest
620 2767 741 2842 mundi
760 2767 961 2832 incendium.
995 2767 1051 2830 uhi
1079 2767 1151 2832 vide
1176 2767 1257 2831 Lin-

338 2873 497 2956 denbrog.
518 2892 553 2954 p.
577 2869 631 2933 97.
658 2871 710 2931 ed.
740 2869 955 2953 Havercamp.
980 2868 1080 2934 Cous.
1102 2871 1255 2942 Macrob.

338 2977 390 3039 ad.
413 2976 525 3039 Somn.
548 2971 638 3054 Seip.
660 2971 758 3046 Libr2
778 2972 825 3036 II.
853 2970 937 3056 Cap.
961 2974 1019 3036 II..
1054 2973 1128 3056 (Ο.)

256 3082 310 3162 38)
339 3081 379 3146 έυ
399 3078 452 3169 τῷ
472 3075 790 3156 Καλλισθένει]
833 3073 931 3158 Apud
951 3075 1129 3161 Diogenem
1152 3078 1256 3140 Laer·

337 3181 414 3244 tium
428 3180 476 3243 V.
500 3185 530 3256 §.
547 3179 601 3241 34.
624 3189 816 3241 memoratur
837 3175 920 3240 inter
940 3178 1040 3242 libros
1064 3181 1256 3262 Theophra·

339 3282 379 3346 sti
398 3283 657 3362 Καλλισθένης,
678 3275 700 3361 ἢ
721 3284 793 3368 περὶ
813 3282 962 3358 πένθους
982 3276 1015 3348 ιλ.
1058 3282 1131 3361 (O.)

255 3387 310 3468 39)
338 3389 408 3452 καὶ
438 3377 707 3464 Πολύζηλος]
749 3382 838 3445 Inter
873 3381 1123 3470 Peripateticos,
1170 3390 1258 3470 quod

338 3488 451 3565 sciam,
475 3485 566 3549 huius
588 3483 721 3550 nominis
743 3505 836 3549 nemo
858 3499 1064 3552 memoratur.
1109 3488 1174 3550 Sed
1187 3489 1256 3551 Po-

338 3591 432 3673 lyzeli
465 3589 578 3670 Cynici
607 3587 743 3652 Photius
774 3587 860 3652 coo.
891 3587 1069 3656 CLXVII.
1101 3602 1193 3654 etex
1216 3611 1256 3652 eo

338 3693 502 3760 Fabricius
538 3691 568 3755 in
606 3689 766 3776 Catalogo
799 3689 994 3780 Cynicorum
1025 3693 1110 3756 Bibl.
1135 3697 1253 3759 Graec.

339 3793 524 3864 Libe-111.
547 3791 590 3860 C.
613 3795 713 3858 XIII.
738 3795 780 3857 Τ.
805 3794 852 3858 ΙΙ.
875 3817 909 3878 p.
934 3795 1008 3860 366.
1031 3797 1253 3882 meminerunt.
