2728 4758
1053 427 1115 497 ata

107 615 128 658 a
158 603 271 671 natura
304 589 346 658 sit
377 591 588 670 indefinitum,
634 593 794 658 invehitur
824 607 859 661 ut
887 593 931 659 ita
959 595 1059 659 dicam
1080 595 1113 660 id

1 775 2 780 η
108 699 195 782 quod
216 708 344 759 nostrae
366 707 414 759 est
438 695 618 778 potestatis.
671 697 769 778 Quod
794 711 896 762 autem
916 698 1008 763 nohis
1032 700 1112 764 deli-

108 798 254 885 gentihus
272 798 351 876 ¹fiet,
374 799 438 862 hoc
460 799 519 862 erit
541 820 668 876 verum,
699 799 867 864 falsumve.
912 803 1009 883 Quod
1031 824 1112 868 vero

105 913 263 985 potestate
285 913 348 980 est,
383 902 490 965 differt
512 903 551 964 ab
577 923 634 978 eo,
673 905 760 985 quod
787 903 968 968 habitudine
990 917 1021 968 et
1039 918 1112 970 actu
1226 927 1228 932 ·

105 1027 177 1068 esse
199 1003 324 1068 dieitur.
368 1006 451 1068 Nam
472 1007 559 1087 quod
579 1016 736 1087 potestate
758 1027 826 1068 esse
853 1007 983 1084 dicitur,
1029 1009 1110 1090 apti·

104 1108 244 1170 tudinem
276 1110 430 1191 quandam
471 1107 628 1192 significat
663 1107 695 1170 in
727 1129 767 1171 eo
808 1108 862 1191 qui
896 1111 1110 1186 habitudinem

104 1213 245 1274 nondum
290 1223 338 1274 est
380 1213 524 1294 adeptus.
596 1210 650 1274 Sic
680 1231 761 1293 puer
797 1224 955 1294 potestate
988 1213 1110 1278 dicetur
1159 1235 1162 1240 ·

104 1313 250 1377 literaton
278 1326 348 1390 aut,
383 1326 437 1378 aut
466 1313 583 1378 tibicen
608 1325 661 1376 aut
685 1314 790 1376 saber.
844 1314 917 1378 Erit
936 1295 1048 1380 mitem
1073 1317 1106 1380 in

104 1416 286 1482 habitudine
310 1416 400 1480 unius
423 1417 538 1481 horum
558 1429 610 1480 aut
629 1415 789 1499 plurium,
813 1416 868 1480 uhi
887 1418 1048 1496 didicerit,
1077 1431 1109 1482 et

103 1518 318 1584 habitudinem
349 1520 408 1585 erit
437 1533 638 1585 consecutus.
689 1521 728 1584 ln
762 1531 834 1583 actu
862 1543 943 1585 vero
977 1523 1033 1585 uhi
1069 1544 1110 1586 ex

103 1623 286 1688 habitudine
312 1624 378 1688 sive
394 1624 550 1688 facilitate
574 1624 742 1708 illaquam
766 1622 798 1684 in
824 1645 857 1687 se
878 1625 974 1687 hahet
994 1646 1108 1708 opera·

103 1725 202 1790 bitur.
246 1728 292 1792 At
308 1727 340 1790 id
361 1731 448 1812 quod
468 1727 540 1792 fieri
559 1736 683 1809 potest,
707 1723 786 1787 nihil
807 1738 854 1788 est
879 1726 1007 1789 horum.
1046 1725 1110 1790 Sed

103 1851 176 1892 cum
200 1849 261 1912 per
281 1851 317 1894 se
334 1831 374 1896 sit
393 1831 587 1895 indefinitum
604 1829 637 1893 in
659 1849 698 1893 eo
721 1827 808 1912 quod
827 1841 955 1892 nostrae
982 1840 1029 1892 est
1047 1851 1108 1912 po·

103 1931 245 2011 testatis,
275 1946 373 2016 prout
395 1934 472 2000 illud
496 1936 559 1999 huc
581 1945 634 1997 aut
657 1932 733 1996 illuc
751 1933 902 2010 verterit4
937 1931 1051 2016 accipit
1072 1942 1109 1995 ut

103 2047 158 2106 aut
180 2057 293 2102 verunt
314 2038 372 2118 sit,
403 2050 457 2103 aut
477 2059 543 2104 non
563 2037 617 2102 sit·
858 2045 859 2048 ’
