2758 4760
237 434 278 495 80

235 629 256 684 η
281 627 406 670 τουτων
426 601 592 723 περιμσρά
613 598 673 685 τὴν
699 603 762 670 τῶν
790 601 965 687 χινομένων
994 600 1027 666 ἐν
1056 599 1101 690 τῷ
1128 592 1241 688 κόσμῳ

237 709 404 793 συνέχειαν
424 701 618 797 φυλάσσειν.
655 701 744 774 Ἀλλ
769 700 845 770 οὐδὲ
831 698 912 769 ὲτό
940 705 1129 792 περιπατεῖν
1149 695 1243 766 ἀναύ-

236 830 327 888 τιον,
355 810 421 874 ἐπεὶ
440 805 487 897 μὴ
510 811 545 874 ἐκ
566 810 626 876 τοῦ
647 805 831 889 ἀναστῆναι
853 803 912 887 τὴν
933 801 1045 872 ἀντίαν
1066 803 1146 893 ἔχει,
1167 797 1240 871 ὥστ’

238 907 298 1000 ούχ
333 907 437 990 ὁύτος
469 907 585 979 ἀιτίιον
618 909 730 1003 ἕιρμός
770 904 822 977 ὑπ’
860 904 969 976 ἀυτῶν
999 903 1184 997 λεγόμενος
1203 910 1245 988 ¹¹)

237 1009 378 1100 έυλύχιις
398 1011 440 1082 ἀν
460 1016 521 1082 τοῦ
541 1017 642 1103 μηδὲν
663 1011 817 1092 ἀναιτίως
837 1007 996 1099 γίνεσθαι
1021 1015 1159 1105 φέροιτο
1186 1009 1247 1094 την
1278 1018 1280 1024 ’

236 1112 359 1186 ἀιτὶαν.
397 1112 458 1196 Ὡς
478 1115 543 1209 χάρ
566 1121 602 1184 αἱ
623 1113 766 1199 κινήσεις
786 1123 842 1184 καὶ
871 1120 904 1182 οἱ
921 1111 1039 1209 χρόνοι
1056 1115 1167 1204 ἔχουσι
1187 1119 1247 1203 μέν

162 1291 166 1300 ,
237 1243 313 1286 τινα
334 1215 460 1304 ἀιτίαν,
494 1217 533 1288 ού
561 1218 626 1309 μην
655 1217 729 1288 ὂύτε
756 1215 777 1302 6
807 1220 932 1302 κίνησις
959 1215 1019 1302 τὴν
1042 1216 1107 1311 πρὸ
1129 1215 1247 1301 ἀυτῆς,

239 1317 314 1390 ὃύτε
336 1319 355 1390 ὁ
374 1319 494 1416 χρόνος
515 1321 573 1392 τὸν
594 1321 659 1416 πρὸ
682 1320 785 1390 ἀυτού
811 1318 949 1415 χρόνον,
983 1317 1087 1401 ὁύτως
1107 1321 1171 1412 ἔχει
1192 1328 1249 1390 καὶ

223 1424 283 1493 ’τά
303 1429 337 1494 έν
359 1424 476 1507 ἀστοῖς
496 1453 531 1494 τε
553 1432 608 1494 καὶ
629 1425 672 1494 τά
693 1421 733 1494 δι’
758 1421 865 1494 ἀντῶν
888 1423 1043 1514 γινόμενα
1058 1421 1249 1518 πράγματα.

245 1529 313 1612 Τῆς
342 1537 403 1619 μὲν
436 1529 502 1622 γὰρ
538 1530 703 1618 συνεχείας
730 1530 795 1595 τῶν
822 1524 936 1596 ἀντίον
965 1528 1034 1596 ἐστι’
1061 1553 1113 1609 τις
1140 1526 1250 1612 ἀιτύα,

241 1629 280 1701 δι’
304 1628 346 1716 ἣν
368 1629 386 1700 6
409 1629 534 1723 κόσμος
555 1635 600 1712 έῖς
628 1657 664 1698 τε
691 1637 747 1699 καὶ
775 1627 884 1710 ἀίδιοςΙ
910 1629 998 1698 κατά
1027 1629 1067 1698 τὸ
1099 1627 1182 1701 ἀυτύ
1215 1659 1251 1701 τε

244 1742 300 1804 καλ
322 1731 474 1814 ὦςαύτως
494 1732 545 1802 ἀεὶ
568 1731 801 1822 διοικούμενος.
842 1737 915 1801 Καὶ
933 1727 986 1802 δεῖ
1002 1731 1126 1819 ταύτην
1146 1740 1252 1820 ζητεῖν

240 1865 277 1907 τε
306 1846 362 1907 καὶ
389 1842 597 1931 παραλαβεῖν
628 1835 689 1920 τὴν
720 1833 832 1906 ἀντίαν
863 1835 925 1920 12)·
961 1835 1001 1907 ού
1031 1837 1097 1929 μὴν
1122 1839 1186 1932 χρὴ
1208 1841 1253 1922 ¹³)

219 1939 400 2026 ’τοιαύτην
429 1936 696 2029 ὑπολαμβάνειν,
733 1943 792 2018 ἕως
818 1935 863 2024 ¹⁴)
892 1945 927 2008 ἐκ
943 1946 1008 2028 ,τοῦ
1027 1945 1253 2036 πρεσβυτέρου

241 2049 402 2134 χύνεσέλαι
429 2043 469 2112 τὸ
496 2040 672 2135 νεώτερον,
709 2039 752 2122 ὡς
779 2040 906 2136 ὁρῶμεν
931 2042 1102 2216 χινύμενον
1122 2047 1174 2114 ἐπὶ
1195 2052 1256 2131 τῆς

242 2152 307 2218 τῶν
336 2145 425 2232 ζώων
451 2152 620 2236 γενέσεως
642 2143 792 2234 ἐύλοχον
826 2150 862 2214 δὲ
889 2155 946 2216 καὶ
977 2145 1081 2242 ἀρχήν
1112 2175 1188 2220 τινα
1221 2155 1256 2220 ἐν

242 2257 313 2332 τοῖς
344 2249 464 2330 ἀιτίοις
497 2254 581 2318 ἐῖναι
615 2252 719 2337 λεγειν
726 2302 735 2332 ,
771 2247 878 2318 ούκέτι
916 2247 1020 2336 ἀλλην
1051 2253 1116 2346 πρὸ
1152 2253 1257 2338 ἀυτῆς

241 2353 348 2476 ἀρχὴν
369 2360 424 2422 καὶ
446 2351 556 2421 ἀιτέαν
577 2352 727 2441 ἔχουσαν.
774 2347 820 2420 06
848 2351 912 2448 χάρ
941 2359 971 2422 ἐι
996 2350 1107 2426 πάντα
1133 2353 1177 2426 τ’ύι
1203 2386 1257 2484 χι-

243 2457 365 2550 νόμενα
387 2455 478 2578 ἀὶτιμ
500 2457 582 2577 ἔχει,
616 2453 679 2538 ἤδη
701 2462 757 2524 καὶ
776 2451 907 2525 πάντων
929 2461 1011 2528 ἐῖναέ
1032 2485 1124 2541 τινας
1145 2458 1257 2542 ἀιτίας

245 2558 388 2650 ἀνάχκη·
424 2556 464 2628 ού
492 2557 558 2680 χάρ
587 2555 697 2626 πάντα
724 2555 768 2625 τά
789 2557 871 2627 ὄντα
892 2562 1032 2689 χίνεται.
1082 2557 1162 2645 Πῶς
1189 2566 1257 2658 χάρ

246 2663 306 2734 ούκ
328 2663 454 2733 ἀτοπον
474 2659 514 2729 τὸ
536 2663 677 2748 λέγειν’
662 2657 706 2728 επ’
731 2658 868 2755 ἀπειρον
891 2668 974 2734 ἒῖναι
995 2663 1038 2734 τὰ
1059 2664 1167 2752 ἀίτια,
1200 2677 1259 2738 καὶ

245 2769 304 2839 τὸν
325 2763 439 2860 ἕιρμὸν
460 2761 568 2832 ἀυτῶν
589 2769 644 2831 καὶ
666 2761 725 2847 τὴν
747 2763 1025 2851 ἐπισύνδεσιν,
1001 2789 1046 2850 ’ως
1065 2767 1148 2860 μήτε
1168 2775 1259 2897 πρῶ-

248 2869 307 2942 τόν
328 2897 362 2940 τι
383 2873 466 2938 ἐῖναι
488 2862 627 2956 14ει)’μι
617 2893 662 2950 τε
690 2867 847 2955 ἔσχατονς
883 2868 922 2938 τὸ
949 2870 1014 2966 χάρ
1042 2879 1188 2964 μηδεν
1172 2883 1259 2946 εῖναι

182 3007 184 3011 ·
248 2977 379 3069 πρῶτον
412 2967 509 3055 ι5)
489 2971 597 3074 αἱτιον
604 2974 752 3094 λέχειν,
785 2968 933 3066 ἀναιρεῖν
961 2980 1031 3046 ἐστι
1064 2977 1102 3045 τὸ
1134 2975 1259 3064 ἀίτιον,

203 3164 206 3176 ¹
247 3076 486 3172 ἀναιρουμένης
503 3069 571 3168 χάρ
595 3070 697 3166 ἀρχῆς
718 3070 936 3165 ἀναιρεῖσθαι
951 3086 1007 3147 καὶ
1020 3077 1059 3149 τὸ
1070 3109 1131 3172 μετ
1155 3082 1261 3167 ἀυτὴν

248 3179 386 3270 ἀνάγκη.
438 3176 699 3272 Αναιροῖτοέ
664 3181 699 3243 δέ
735 3185 791 3246 καὶ
825 3205 939 3264 επιστν
929 3209 985 3270 μη
1024 3183 1111 3252 κατά
1139 3213 1261 3256 τουτον

247 3281 428 3373 τὸνλόγον
449 3278 510 3366 1⁶),
544 3283 606 3369 έίχε
634 3265 795 3368 ἐπιστήμη
821 3287 881 3372 μέν
907 3288 978 3355 ἐστι
1005 3291 1123 3411 κυρίως
1150 3287 1171 3372 6
1194 3293 1261 3359 τῶν

248 3383 385 3481 πρώτων
417 3384 531 3456 ἀιτίων
559 3385 687 3473 γνῶσις.
745 3382 812 3452 θύκ
840 3386 967 3470 ἔστιδὲ
953 3389 1058 3458 ὲκατ
1082 3389 1205 3474 ἀετούς
1227 3399 1262 3464 ἐν

249 3498 321 3571 τοῖς
347 3486 467 3570 ἀιτλοις
495 3487 534 3557 τὸ
562 3488 708 3580 πρῶτον,
751 3485 789 3554 06
817 3489 912 3559 πάσά
942 3519 976 3562 τε
1004 3493 1123 3579 τάξεως
1149 3493 1261 3619 παρρί-

248 3590 398 3718 βασις’
378 3588 590 3722 ἀναιρετικὴ
598 3592 661 3657 τῶν
689 3592 724 3656 ἐν
752 3585 802 3672 ὁῖς
822 3596 966 3680 γίνεται
1001 3601 1159 3686 γίνεσθαι
1183 3600 1260 3722 χάρ

252 3697 324 3766 ἔνια
352 3703 408 3822 κμὶ
434 3694 528 3788 παρὰ
555 3691 615 3776 τὴν
642 3694 703 3760 τοῦ
729 3697 892 3782 βασιλέως
922 3698 1015 3784 τάξιν
1047 3699 1106 3771 οὐκ
1137 3700 1263 3772 ἀδύνα-

254 3825 329 3883 τον,
366 3794 390 3866 6
412 3795 450 3868 ού
477 3793 607 3876 πάντως
633 3796 692 3878 της
718 3797 889 3888 βασιλείας
911 3799 973 3886 ἤδη
993 3805 1118 3924 χίνεται
1138 3809 1262 3928 6606)-

252 3901 329 3972 τικά
355 3903 417 3986 ¹⁷),
464 3898 540 3974 ούδὲ
568 3901 595 3968 ἐτ’
622 3923 656 3966 τι
686 3902 811 3977 τούτων
839 3915 872 3979 ἐν
900 3907 946 4003 τῷ
977 3902 1090 4001 κόσμῳ
1117 3911 1261 4008 γίνεται

218 4002 382 4086 πάντας
408 4002 473 4089 ἤδη
501 4009 600 4076 τούτο
629 4003 753 4085 λύει
719 4042 834 4100 τηνυ
800 4017 834 4084 zv
836 3981 1013 4101 δαιμύνιαν
1033 4015 1093 4080 τοῦ
1114 4007 1261 4101 κόσμου,
