2758 4760
1065 429 1122 492 tat

116 607 183 650 mus
218 587 250 649 id
282 605 341 669 per
374 587 547 649 Fortunam
574 588 691 651 factum
719 609 799 652 esso.
866 592 1012 657 Fodienti
1041 597 1123 666 enirn
1216 652 1218 658 .
1313 631 1315 635 ·

117 711 228 774 agrum
251 709 291 752 ex
313 690 483 772 proposito
509 689 670 772 plantandi
698 691 822 777 gratia,
861 696 888 758 si
915 717 955 758 ex
982 698 1123 762 fossione

116 805 264 856 ooourrat
286 765 425 863 theiauri
447 794 575 856 alieuius
597 794 755 872 hiventio,
788 817 806 857 a
828 797 970 862 Fortuna
994 800 1123 868 dicimus

113 896 326 961 inventionem
349 896 487 958 thesauri
507 897 622 958 factam
645 919 732 960 esse:
757 921 821 962 non
844 913 946 970 tamen
969 903 1123 966 aFortuv

115 1021 164 1074 ua,
190 999 218 1060 si
239 997 305 1062 eius
327 983 378 1061 rei
398 1020 491 1062 eausa
512 999 665 1062 fodiebat.
699 1003 781 1062 Turn
801 1003 881 1066 enirn
903 1026 967 1068 non
989 1026 1049 1087 per
1070 1026 1124 1068 aes

115 1102 221 1164 cidens
253 1103 322 1184 ipsa
358 1101 459 1166 fossio
493 1102 682 1172 inventionis
720 1104 859 1167 thesauri
895 1129 988 1180 carisa
1020 1121 1120 1186 esset.
1188 1182 1191 1190 Ι

113 1207 374 1287 quemadmodum
397 1226 499 1288 neque
521 1205 589 1286 ipsa
610 1205 786 1298 plantatio:
810 1228 893 1272 natue
908 1229 987 1274 vero
1002 1223 1049 1272 est
1064 1232 1123 1292 per

112 1308 276 1381 accidens3
314 1329 378 1372 non
401 1307 482 1371 enim
505 1309 596 1372 huius
618 1307 665 1370 rei
695 1308 798 1393 gratia
826 1310 934 1374 fiebat.
979 1313 1123 1384 Fortuna

111 1411 210 1496 igitur
233 1423 280 1474 est
301 1412 333 1473 id
355 1413 442 1494 quod
466 1433 507 1474 ex
528 1401 699 1500 proposito
722 1424 753 1474 et
774 1413 939 1481 voluntate
961 1413 1015 1489 fir,
1050 1437 1122 1486 etun

110 1535 205 1576 causa
234 1514 363 1578 alicuius
396 1513 443 1578 rei
470 1515 525 1578 fiat
557 1536 617 1595 per
649 1514 810 1590 accidens;
857 1515 1010 1580 indefiniti
1039 1516 1121 1590 enirn

109 1637 237 1699 semper
259 1639 352 1681 carisa
379 1630 438 1682 est.
483 1618 584 1702 Atqui
611 1618 654 1681 ita
682 1618 714 1681 id
743 1621 830 1701 qatod
858 1618 986 1682 ahardus
1018 1621 1121 1705 gratia

110 1719 163 1796 fit,
189 1720 259 1782 fieri
281 1721 421 1802 poterit,
457 1734 488 1784 et
512 1723 571 1784 erit
594 1723 737 1788 Fortuna
761 1745 853 1784 causa
875 1745 934 1804 per
956 1724 1118 1800 accidens,

109 1845 173 1886 non
197 1824 382 1906 simpliciter
404 1836 523 1902 tannen,
549 1828 606 1890 sed
625 1825 657 1886 in
679 1823 853 1902 effectivis,
889 1847 968 1909 quae
991 1829 1119 1892 alicuius

108 1928 155 1990 rei
184 1927 288 2013 gratia
320 1928 420 2004 fiunt,
459 1939 489 1989 et
521 1949 601 2010 qnae
634 1950 674 1990 ex
700 1929 877 2010 'proposito
906 1929 997 1992 fiunt.
1042 1933 1119 1994 Non

45 2026 50 2040 ⁸
109 2032 191 2094 euim
215 2030 344 2094 dicimus
375 2051 398 2094 tt¹
421 2031 604 2100 Fortuna
630 2032 662 2094 in
684 2031 721 2094 iis
744 2054 824 2113 quae
846 2055 864 2094 a
886 2046 998 2098 natura
1019 2035 1115 2110 fiunt,
1181 2087 1182 2090 ,

47 2131 50 2138 ’
108 2134 234 2218 quinties
257 2134 340 2196 aliud
368 2133 443 2216 quid
471 2143 599 2216 praeter
627 2144 757 2198 naturae
786 2155 919 2214 scopum
949 2135 1115 2219 gignatur,

106 2251 140 2300 ut
162 2248 317 2302 monstra.
376 2237 460 2316 Quin
483 2237 575 2299 etiarn
597 2257 636 2298 ne
657 2235 689 2298 in
711 2236 748 2300 iis
779 2236 921 2320 quidem,
960 2259 1114 2321 quorum,

106 2352 186 2424 quae
209 2361 250 2404 ex
272 2353 339 2402 arte
361 2341 461 2417 fiunt,
487 2359 597 2412 causae
619 2361 677 2421 per
700 2340 841 2403 accidens
858 2341 958 2417 fiunt,
983 2353 1017 2404 ut
1032 2364 1065 2413 v,
1084 2364 1115 2417 e,

105 2443 136 2506 in
160 2442 379 2517 dissonantiis3
416 2465 517 2527 neque
545 2444 576 2518 in
604 2443 641 2506 iis
674 2443 801 2526 inquam
839 2445 983 2508 Fortuna
1020 2467 1114 2521 eausa

106 2560 165 2610 est.
212 2549 359 2609 Fortuna
378 2545 476 2630 igitur
499 2559 546 2608 est
568 2547 599 2610 in
620 2545 658 2609 iis
681 2568 761 2630 quae
781 2568 821 2608 ex
836 2548 1007 2628 proposito
1022 2549 1113 2613 fiunt.

106 2651 241 2730 Quoties
274 2649 379 2732 itaque
405 2651 437 2712 id
470 2653 557 2731 quod
586 2670 626 2711 ex
655 2649 825 2731 proposito
858 2649 895 2710 iit
917 2649 1045 2714 alicuius
1067 2645 1115 2718 ret'

105 2755 205 2815 laetae
228 2765 259 2814 et
280 2751 381 2816 felicis
412 2775 505 2816 eausa
532 2773 592 2835 por
621 2751 770 2816 accidens·
793 2754 910 2831 fuerit,
949 2766 984 2818 ut
1011 2755 1114 2820 fossio

103 2855 295 2932 inventionis
327 2857 488 2932 thesauri3
533 2859 649 2924 bonam
683 2857 844 2928 fortunam
879 2858 912 2920 id
945 2879 1113 2932 vocamus3

103 2981 176 3020 cum
199 2959 247 3021 rei
268 2957 367 3021 malae
389 2979 482 3020 oarrsa
504 2957 678 3036 exstiterit,
712 2959 941 3035 infortunium,
973 2962 1059 3026 velut
1087 2962 1114 3026 si

103 3062 175 3144 quis
197 3062 279 3124 inter
303 3061 486 3132 fodiendum
515 3064 554 3122 ab
583 3062 690 3144 aliquo
720 3074 866 3143 serpente
888 3062 968 3125 ictus
997 3064 1110 3142 fuerit,
1191 3103 1195 3116 2
1268 3151 1273 3160 1

103 3165 159 3247 qui
180 3165 264 3226 inter
285 3165 468 3228 fodiendum
489 3165 634 3227 inventus
657 3165 714 3240 sit,
740 3187 811 3233 curu
834 3164 951 3249 alioqui
972 3168 998 3230 is
1020 3165 1111 3231 locus

103 3289 122 3331 a
144 3267 343 3348 serpentibus
365 3266 508 3330 infestari
528 3289 590 3334 non
613 3267 753 3331 soleret:
792 3268 819 3330 si
840 3268 943 3345 enirn,
975 3291 1045 3339 curn
1067 3267 1111 3333 ibi

102 3382 186 3436 esset
208 3370 400 3451 serpentium
422 3369 532 3450 colaia,
557 3371 608 3436 hic
629 3370 858 3449 inconsiderate
882 3372 1021 3448 foderit,
1046 3393 1110 3436 non

103 3486 150 3536 est
174 3473 318 3536 Fortuna
339 3474 418 3542 intus
444 3476 559 3535 horum
587 3495 701 3550 eausa,
740 3475 796 3536 sed
823 3472 905 3536 illius
932 3473 1110 3556 improvida

103 3576 276 3652 temeritas.
328 3577 371 3640 Et
400 3578 542 3640 Fortuna
577 3577 701 3658 quidem
738 3576 891 3645 eiusmodi
921 3599 1016 3644 causa
1049 3591 1108 3642 est.

104 3679 207 3744 Casus
231 3691 334 3742 autem
357 3679 437 3742 solet
460 3679 552 3746 etiam
574 3678 606 3740 in
628 3678 683 3754 iis,
723 3701 803 3762 quae
826 3703 844 3744 a
867 3681 1009 3747 Fortuna
1031 3683 1110 3756 fiunt

102 3782 296 3866 praedicari,
336 3765 539 3848 veruntamen
572 3781 677 3866 potius
709 3783 741 3844 in
774 3785 868 3847 rebus
902 3783 1107 3858 naturalibus·

104 3887 239 3968 Quoties
261 3885 342 3948 enim
364 3885 411 3948 rei
433 3907 511 3969 quae
534 3897 644 3952 natura
665 3885 718 3960 fit,
745 3885 828 3948 aliud
849 3887 926 3969 quid
948 3899 1105 3966 occurrat,

50 4031 54 4048 a
100 4011 167 4058 nou
188 3991 244 4065 id,
260 3987 363 4062 ‚eitius
393 3989 494 4072 gratia
522 3989 645 4065 fiebat,v
668 4000 698 4048 et
719 4000 838 4050 temere
859 4001 890 4050 et
913 4012 986 4053 casu
1008 3990 1041 4052 id
1060 3991 1109 4056 i'a·
