2804 4762
1107 373 1147 439 23

590 546 691 610 v111.

204 628 252 690 At
274 626 419 691 omnibus
442 641 528 694 certe
550 634 748 710 hominibus,
787 635 842 718 qni
871 633 1089 698 communibus
1109 653 1147 696 ac

133 728 335 796 natinalibus
350 734 470 798 notitiis
486 739 667 814 adhaerent,
691 739 745 802 iila
767 739 912 801 dicuntur
927 758 1000 802 casu
1016 749 1046 798 et
1061 737 1145 800 sorte

132 836 231 912 fieri,
270 858 350 920 quae
372 853 609 922 consequuntur
630 863 750 906 cansesv
768 843 895 905 alterins
919 841 966 904 rei
981 839 1146 923 principa·

133 940 214 1004 liter
244 941 434 1006 effectrices.
502 945 635 1024 Quoties
664 947 746 1010 enirn
776 946 867 1010 alicui
896 946 960 1022 rei,
1001 967 1081 1028 qnae
1110 945 1147 1006 fit

133 1057 279 1127 propter
300 1046 437 1130 aliquid,
470 1070 534 1112 non
562 1048 595 1111 id
617 1049 802 1126 comitatur,
842 1050 929 1112 cuins
959 1049 1061 1134 gratia
1094 1070 1146 1110 res

131 1147 192 1210 illa
214 1162 361 1232 suscepta
378 1161 442 1228 est,
467 1153 523 1216 sed
540 1152 623 1216 alind
645 1153 722 1235 quid
743 1176 802 1216 nee
824 1167 1001 1234 speratum,
1026 1152 1057 1214 id
1075 1152 1145 1214 sor-

130 1263 212 1314 tuna
240 1251 312 1315 fieri
339 1255 472 1318 dicium:
510 1277 570 1339 per
599 1277 632 1318 se
660 1257 786 1340 qnidein
817 1268 922 1320 ortum
944 1255 1009 1317 sine
1032 1275 1144 1318 causa:

130 1377 195 1437 per
218 1358 404 1442 comingens
427 1372 531 1431 autern
553 1382 677 1424 causam
706 1361 824 1448 habens
853 1360 885 1421 id
907 1361 994 1443 qnod
1017 1359 1144 1420 alterius

130 1458 183 1521 rei
204 1481 286 1546 ergo
307 1462 415 1526 fiebat.
461 1466 504 1528 Et
525 1467 588 1527 hoc
610 1477 678 1528 e'sse
702 1466 789 1547 qnod
811 1486 919 1528 ornnes
941 1449 1142 1546 intelligunt,

132 1564 350 1649 cuni.aliquid
370 1567 500 1630 fortuna
522 1568 628 1630 dicunt
650 1567 737 1645 ficri,
764 1579 894 1649 apparet
917 1589 957 1630 cx
978 1565 1038 1640 iis,
1064 1586 1143 1646 quae

129 1669 186 1732 isti
216 1670 325 1754 generi
352 1670 490 1752 supponi
512 1673 616 1734 solent
638 1671 803 1752 exemplis.
859 1673 940 1733 Nain
964 1671 1143 1730 thesaurum

132 1772 223 1834 ainnt
243 1774 330 1836 forte
352 1773 482 1838 fortuna
503 1775 682 1850 inventum,
722 1775 749 1838 si
778 1775 846 1858 quis
869 1773 992 1837 Iodiens
1016 1768 1143 1833 alterius

131 1874 275 1938 utilitatis
307 1889 472 1958 respectu,
507 1901 570 1942 non
592 1891 627 1940 ut
655 1880 836 1969 thesaurum
859 1875 1035 1958 reperiret,
1074 1876 1143 1936 the*

131 1971 263 2042 saur-nm
290 1977 421 2045 invenit.
477 1983 559 2045 Nam
589 1982 643 2064 qui
678 1981 819 2044 thesauri
848 1977 1018 2064 quaerendi
1050 1999 1144 2040 causa

131 2082 271 2157 foderit,
296 2081 322 2144 is
345 2083 372 2147 si
394 2105 464 2148 euna
486 2085 642 2165 reperiet,
667 2107 732 2152 non
752 2086 784 2147 id
800 2083 956 2146 adscribet
970 2083 1141 2145 fortunae:

133 2186 240 2248 evenit
263 2169 344 2248 enirn
366 2186 395 2250 ei
416 2186 609 2263 hoc,.cnins
631 2207 688 2269 spe
709 2187 849 2250 fodiendi
870 2173 1017 2250 laborent
1036 2205 1142 2245 snsce-

131 2300 238 2369 perat.
297 2290 344 2353 At
365 2290 392 2354 si
413 2292 482 2374 quis
512 2293 549 2354 de
576 2289 729 2356 thesauro
752 2291 935 2374 quaerendo
957 2310 997 2350 nc
1020 2279 1145 2372 cogita·'

132 2393 219 2456 verit
252 2392 396 2478 quidem,
451 2396 488 2458 ei.
513 2408 615 2460 autem
645 2395 728 2458 aliud
765 2394 870 2480 agenti
902 2395 945 2457 ita
974 2389 1144 2475 contigerit

131 2498 318 2560 thesaurum
339 2499 502 2581 reperire,
535 2501 627 2584 qnasi
654 2499 686 2561 id
714 2498 774 2562 sibi
802 2498 962 2562 habuisset
991 2492 1141 2578 proposi-

131 2609 221 2676 tum,
247 2601 287 2662 ab
308 2603 372 2664 hoe
392 2603 478 2666 sorte
498 2604 628 2668 fortuna
645 2593 811 2686 xrepertum
832 2606 1012 2666 thesaurum
1036 2599 1143 2661 dicunt

133 2723 263 2779 omnes,
306 2716 337 2767 et
358 2705 443 2769 forte
465 2707 593 2771 fortuna
616 2719 796 2790 reportasse
816 2706 982 2790 pecuniam
1005 2707 1139 2784 dicitn‘r,
1221 2775 1229 2790 .

132 2807 187 2890 qui
210 2829 282 2869 cnm
303 2810 347 2870 ob
369 2809 453 2873 alind
473 2809 635 2895 negotium
657 2812 688 2874 in
708 2811 815 2875 sorum
829 2810 1016 2892 prodiisset,
1042 2812 1141 2873 obvio

133 2911 195 2975 sibi
215 2911 303 2974 facto
333 2913 476 2978 debitore
504 2917 669 2995 pecuniam
697 2935 804 2977 secum
837 2916 993 2989 habente,
1033 2916 1072 2976 ab
1102 2937 1142 2982 eo
1168 2995 1170 3002 Ι

43 3033 47 3050 ’
134 3019 224 3098 quod
246 3015 306 3078 sihi
328 3029 417 3079 antea
440 3019 612 3080 debebatur
633 3017 802 3100 receperit.
847 3020 928 3080 Nam
952 3040 1021 3080 cnm
1039 3017 1071 3080 in
1088 3019 1141 3082 fo·
1206 3042 1211 3047 ⁸

134 3139 206 3182 rum
228 3118 395 3201 processio
420 3120 503 3183 aliud
524 3120 585 3184 sibi
606 3121 766 3184 habuisset
787 3105 1006 3202 propositum,
1037 3133 1141 3184 tamen

133 3223 194 3287 ista
217 3223 329 3288 crediti
350 3223 492 3304 receptio
514 3223 558 3286 ita
580 3225 746 3290 commode
769 3218 798 3288 ei
815 3222 938 3308 evenit,
963 3246 1140 3306 quanquam

134 3327 331 3404 accessorie,
370 3338 406 3389 nt
437 3348 499 3409 pro
520 3329 690 3410 proposito
712 3327 773 3412 ipsi
795 3327 925 3415 cesserit
948 3349 1040 3390 cansa
1062 3327 1140 3388 effe-

134 3431 241 3508 ctrix,
277 3441 307 3494 et
336 3431 420 3496 aliud
441 3430 507 3494 eius
530 3417 768 3512 propositum,
812 3428 934 3494 Contra
962 3451 1041 3494 vero
1075 3451 1140 3493 non

132 3533 251 3598 dieitur
272 3535 359 3598 forte
380 3535 510 3598 fortuna
533 3533 602 3617 quis
626 3533 777 3596 creditum
806 3533 986 3616 recepisse,
1025 3533 1052 3596 si
1073 3535 1139 3602 ani-

133 3659 187 3702 mo
209 3637 243 3700 id
263 3638 437 3720 recipiendi
451 3639 489 3714 in
502 3638 613 3702 fortnn
625 3637 830 3719 processerit.
869 3635 1042 3701 Processio
1058 3638 1139 3702 enim

131 3740 193 3804 ista
213 3742 247 3805 id
269 3741 329 3806 erit
351 3754 519 3832 consecuta
542 3744 629 3842 qiiod
650 3739 709 3835 sibi
730 3749 957 3823 proposuerat.
982 3742 1028 3826 Et
1040 3725 1137 3825 equus

134 3855 375 3908 casuservatus
391 3846 528 3937 dieitur,
558 3845 607 3910 tsi*
626 3843 663 3906 is‘
684 3845 909 3928 pabulationiss'
930 3856 981 3908 ant
1012 3845 1141 3908 alterius

130 3949 181 4012 rei
204 3971 297 4014 causa
320 3949 469 4036 effugerit
490 3970 715 4043 possessores,
751 3931 905 4012 ‘acciderit
928 3960 1030 4012 autem
1052 3959 1086 4012 nt
1108 3947 1139 4010 in
