2758 4760
219 459 279 524 158
1097 494 1102 522 ι

219 623 393 695 ἐλούσατο·
417 621 437 705 6
460 626 495 690 δὲ
509 616 681 716 ἀπόφασις
703 616 850 710 ἀναιρεῖν
867 619 1046 712 πειρωμένη
1061 614 1100 685 τὸ
1115 613 1222 709 ὑπάρ-

215 755 276 820 χον
293 725 314 812 ἢ
331 723 496 816 ὑπάρξαν,
526 727 625 808 δῆλον
646 716 699 792 ὅτι
719 719 846 818 ψευδὴς
868 722 976 789 ἔσται·
1009 727 1064 788 καί
1086 723 1112 788 έι
1130 716 1222 810 τύχοι

217 830 263 920 μη
282 827 474 920 λουόμενος,
507 824 527 910 ἢ
547 825 592 914 μὴ
610 829 822 915 λελουμένος,
858 827 897 920 τῇ
918 824 1102 917 προτεραίᾳ
1123 827 1221 906 δηλο-

218 932 309 1017 νότι,
346 931 405 1016 τὴν
432 939 492 1020 μέν
524 926 697 1023 ἀπόφασιν
718 925 805 996 καεά
828 924 886 996 τὸν
913 929 1072 997 ἐνεστῶτα
1090 922 1221 1017 χρόνον,

218 1045 274 1107 καὶ
286 1035 344 1106 τὸν
358 1029 621 1128 παρεληλυθότα
632 1035 883 1121 λαμβανομένην
896 1026 1073 1113 ἀληθεύειν
1085 1025 1221 1118 ἀνάγκη,

210 1140 277 1224 ’τὴν
299 1145 334 1209 δὲ
350 1134 542 1233 κατάφασιν
564 1131 754 1228 ύπάρχεινῆ
774 1129 918 1226 ὑπάρξαι
935 1137 1096 1222 λέγουσαν
1118 1130 1156 1200 τὸ
1177 1130 1223 1220 μὴ

219 1235 412 1333 ἐκβεβηκὸς,
444 1237 647 1336 ψεύδεσθαι.
704 1235 807 1306 Κατά
837 1241 873 1304 δέ
904 1263 940 1325 γε
969 1234 1026 1304 τὸν
1059 1240 1224 1324 μέλλοντα

215 1345 351 1468 χρόνον,
384 1350 523 1436 διαιρεῖν
541 1352 602 1432 μὲν
624 1348 679 1410 καὶ
705 1336 790 1410 ὁύτω
815 1347 898 1433 φησὶ
920 1338 980 1419 τάς
997 1336 1110 1407 καθ’
1101 1343 1224 1406 έκαστα

185 1468 188 1474 ·
218 1447 396 1544 προτάσεις
416 1444 472 1531 τό,
496 1473 530 1515 τε
532 1444 659 1567 ἀληθὲ
662 1473 678 1524 ς
698 1450 754 1511 καὶ
770 1470 809 1511 το
796 1441 965 1540 ψεῦδος,
987 1441 1096 1512 οὐκέτι
1113 1447 1226 1531 μέντοι

220 1551 340 1644 ὁμοίως
361 1557 434 1631 ταῖς
460 1547 547 1617 κατά
572 1547 628 1617 τὸν
638 1549 808 1650 ἐνεστῶτα
794 1544 960 1671 χρόνον,
989 1544 1010 1631 ἢ
1034 1543 1091 1615 τὸν
1112 1573 1227 1639 παρω-

216 1653 342 1746 χηκότα
374 1656 650 1743 λαμβανομένοις.
697 1648 742 1718 06
724 1648 829 1744 ογάρ
855 1651 904 1718 ἔτι
932 1647 1115 1744 ὡρισμένως
1140 1652 1228 1717 ἐστὶν

147 1755 150 1765 “
220 1765 335 1840 έιπεῖν,
363 1760 487 1848 ποτέρα
506 1763 567 1844 μὲν
585 1750 693 1822 ἀυτάν
713 1749 912 1837 ἀληθεύσει,
943 1757 1122 1846 ποτέραδὲ
1143 1747 1229 1849 φεύ-

221 1887 330 1944 σεται,
364 1856 449 1928 ὁύτω
476 1857 536 1926 τού
560 1854 757 1950 πράγματος
778 1853 1008 1944 έκβεβηκότος,
1045 1860 1226 1945 δυναμένου

218 1968 278 2053 μέν
299 1989 349 2033 τοι
372 1969 429 2033 καὶ
450 1962 585 2049 ἐκβῆναι
606 1958 728 2048 καὶμὴ
750 1963 895 2049 ἐκβῆναι.

289 2172 396 2241 Τούτο
410 2173 469 2260 μέν
479 2196 533 2238 τοι
547 2168 586 2239 τὸ
600 2164 764 2262 θεώρημα
782 2166 821 2238 τὸ
835 2170 894 2240 νῦν
906 2165 957 2238 ὑπ’
973 2164 1227 2260 Ἀριστοτέλους

221 2272 409 2365 κινούμενον
418 2326 427 2357 ,
449 2277 541 2342 δοκεῖ
553 2281 613 2361 μὲν
628 2275 711 2342 ἐῖναι
725 2270 875 2360 λογικὸν,
893 2270 991 2343 ,κατὰ
1010 2268 1178 2355 ἀληθειαν
1192 2277 1228 2342 δὲ

220 2378 304 2473 πρὸς
317 2373 427 2447 πάντα
444 2374 488 2444 τά
507 2371 612 2469 μόρια
626 2377 684 2458 τῆς
698 2377 903 2470 φιλοσοφίας
921 2378 1007 2445 ἐστὶν
1028 2371 1226 2463 ἀναγκαῖον·

221 2478 307 2552 κατά
338 2507 372 2549 τε
396 2477 462 2571 γάρ
496 2477 555 2562 τὴν
576 2476 703 2562 ἠθικὴν
728 2482 935 2574 φιλοσοφίαν
961 2482 1073 2558 πάσαν
1102 2476 1229 2570 ἀνάγκη

221 2580 487 2679 προςλαμβάνειν
499 2635 509 2666 ,
542 2579 585 2663 ὡς
613 2580 652 2652 06
677 2577 786 2652 πάντα
811 2585 880 2652 ἐστι’
906 2609 940 2654 τε
966 2591 1022 2652 καὶ
1047 2586 1173 2672 γίνεται
1197 2587 1232 2668 ἐξ

221 2686 383 2777 ἀνάγκης,
416 2682 486 2757 ἀλλ’
511 2687 580 2755 ἔστι
602 2685 678 2756 τινά
698 2693 753 2756 καὶ
779 2683 833 2780 έφλ
852 2683 939 2776 ἡμῖν.
977 2684 1065 2756 Ἐπεὶ
1079 2687 1152 2780 γάρ
1172 2685 1231 2758 νύ-

221 2819 290 2886 ριοι
311 2787 457 2883 πράξεων
481 2790 576 2860 τινῶν
597 2788 706 2873 ὄντες,
738 2797 794 2860 καὶ
815 2786 865 2884 ἐφ’
889 2787 966 2880 ἡμῖν
986 2791 1024 2860 ἀν
1045 2795 1188 2862 ἑλέσθαι
1208 2789 1232 2876 ἢ

220 2892 266 2985 μὴ
289 2898 431 2963 ἑλέσθαι
451 2889 529 2962 τάδε
552 2892 644 2973 τινὰ,
676 2900 732 2962 καὶ
753 2895 878 2988 πράξαν
898 2892 920 2978 ἢ
940 2892 987 2983 μὴ
1003 2898 1142 2985 πρᾶξαι,
1169 2894 1232 2976 τάς

221 3007 282 3089 μὲν
303 2995 489 3078 έπαινετάς,
523 2995 582 3078 τάς
604 3001 640 3066 ὑὲ
660 2996 787 3093 φεκτάς
811 3001 895 3068 έῑναι
920 3001 983 3069 τῶν
1011 3020 1045 3068 τε
1073 3003 1232 3092 προαιρέ-
1307 2992 1318 3008 '

222 3126 304 3170 σεων
329 3103 467 3170 καὶτῶν
490 3099 637 3194 πράξεων
655 3106 805 3192 λέγομεν,
827 3109 883 3172 καί
903 3108 1104 3196 περιτρέπειν
1122 3104 1149 3184 ¹)
1169 3111 1233 3192 μέν

222 3202 300 3284 τούς
314 3209 415 3285 πέλας
436 3201 586 3294 ἀξιοῦμεν
603 3208 654 3274 ἐπὶ
668 3203 728 3284 τὰς
745 3204 850 3286 καλάς
863 3213 920 3276 καὶ
935 3203 1077 3295 ἀγαθάς
1088 3203 1233 3298 πράξεις,

222 3305 416 3402 ἀποτρέπειν
434 3312 468 3377 δὲ
494 3311 529 3376 ἐκ
549 3309 614 3378 τάν
636 3309 798 3378 ἐναντίων.
842 3312 919 3400 Καί
931 3314 990 3397 μέν
1007 3335 1060 3380 τοι
1076 3316 1133 3379 καὶ
1147 3307 1233 3400 πρὸς

223 3413 444 3544 φυσιολργίαν
463 3436 626 3502 χρησιμων
648 3413 802 3505 φαίνεται
819 3439 858 3482 το
845 3399 1047 3536 θεώρημα.
1088 3410 1234 3496 Ζητησει

222 3513 364 3635 γάρκαὶ
389 3512 407 3582 6
434 3512 677 3609 φυσιὸλογος’
662 3515 723 3584 είτε
743 3513 855 3586 πάντα
879 3515 962 3600 ἐξ
942 3514 1087 3606 ανάγκης
1107 3519 1234 3605 γίνεται

154 3701 157 3708 Ι
222 3615 265 3684 τά
283 3616 459 3709 γινόμενα,
481 3620 509 3685 ἐι
527 3622 563 3686 τέ
584 3643 659 3687 τινα
679 3615 747 3688 ἀπὸ
766 3616 865 3710 τύχης
882 3627 938 3690 καὶ
953 3623 987 3690 ἐκ
1009 3617 1232 3710 τάυτομάτον.

223 3723 295 3790 Καὶ
315 3720 398 3811 πρὸς
416 3719 475 3805 τὴν
496 3718 631 3808 λογικὴν
651 3720 851 3812 μέθοδον“
828 3720 989 3804 ωςαύτως.
1028 3722 1131 3794 Ἀυτὸ
1148 3728 1232 3812 γοῦν
1271 3769 1280 3786 ·

223 3821 323 3898 τοῦτό
349 3829 419 3893 ἐστι
440 3820 479 3892 τὸ
502 3827 560 3892 νῦν
584 3822 797 3916 ζητούμενον,
831 3829 892 3894 έίτε
928 3830 1021 3897 πάσα
1050 3824 1231 3922 ἀντίφασις

224 3927 461 4023 ἀφωρισμένως
482 3932 608 4020 διαιρεῖ
629 3926 668 3996 τὸ
690 3926 820 4013 ἀληθὲς
844 3937 904 3998 παὶ
925 3928 964 3998 τὸ
988 3934 1130 4024 ψεῦδος,
1166 3934 1230 4000 ε’ίτε

223 4034 292 4102 ἔστι
311 4039 361 4110 τὶς
378 4037 433 4100 καί
452 4028 613 4124 ἀορίστως
634 4035 741 4101 ταῦτα
762 4037 949 4120 διαιροῦσα.
988 4031 1231 4122 Ἑκτανύμενον
