2804 4762
1071 423 1162 486 ,13

154 605 270 650 eornm
291 605 373 669 quac
393 586 517 652 ratione
537 585 617 654 liunt
639 585 806 672 qucquam
829 607 923 656 causa
944 589 1067 654 evenit:
1104 594 1161 656 scd

154 689 263 754 omnia
283 689 338 753 illa
359 689 449 774 quasi
482 691 522 754 ad
549 711 682 773 scopum
704 691 838 776 aliquem
860 692 1050 778 diriguntur.
1093 691 1161 760 Ra·

148 792 242 883 ,tione
264 805 369 857 autem
390 794 488 870 fiunt,
527 815 742 878 quaecumque
769 793 849 858 litent
877 818 895 858 a
915 797 1101 861 iacientibus
1123 817 1161 862 ea

145 909 324 984 ‚postquam
347 898 608 975 deliberaverint,
643 920 680 962 ac
702 898 813 965 deinde
835 900 1056 964 constituerint
1077 923 1160 984 quo*

150 1003 251 1066 modo
273 1003 412 1085 quidque
433 1001 609 1066 laciendum
631 1001 681 1080 sit,
706 1001 809 1086 qualia
832 1013 904 1065 sunt
926 1025 1006 1087 quae
1029 1025 1070 1068 ex
1092 1017 1159 1068 arte

148 1105 233 1168 fiunt
253 1117 308 1168 aut
329 1105 461 1188 praevia
485 1105 637 1187 optione,
678 1125 757 1187 quae
778 1105 961 1169 notabiliter
983 1106 1097 1170 distant
1118 1111 1159 1172 ab

147 1207 213 1271 illis
236 1229 316 1292 quae
336 1220 449 1273 natura
477 1208 579 1282 fiunt3
615 1228 687 1270 nam
719 1225 799 1292 quae
828 1219 939 1270 natura
966 1209 1046 1273 liunt
1077 1211 1161 1276 intra

147 1333 186 1376 se
208 1313 326 1394 babent
346 1309 536 1394 principium
565 1331 753 1393 causamque
774 1313 856 1374 unde
885 1311 1061 1377 exsistunt:
1095 1315 1160 1380 tale

147 1427 199 1478 est
231 1415 312 1478 enim
346 1427 471 1479 natura.
537 1415 581 1478 Et
611 1413 692 1478 liunt
730 1433 842 1478 eorum
881 1416 1033 1498 quaedam
1069 1429 1158 1482 certo

147 1517 263 1584 ordine
284 1540 350 1582 uon
372 1530 476 1582 tamen
498 1519 586 1602 quod
605 1515 752 1580 effectrix
779 1529 893 1580 natura
921 1517 1006 1582 circa
1038 1541 1076 1584 ea
1103 1519 1160 1584 tali

146 1634 259 1686 utamr
295 1643 462 1688 camanum
501 1618 727 1697 alternatione,
772 1620 858 1704 quali
891 1632 1024 1686 utuntur
1060 1635 1158 1690 antes.

145 1727 196 1790 At
218 1747 299 1810 quae
327 1747 369 1788 ex
401 1737 469 1788 arte
501 1723 555 1788 vel
583 1721 714 1805 optione
738 1722 835 1800 liunt,
873 1735 965 1788 extra
986 1747 1021 1790 se
1041 1728 1161 1791 habent

144 1828 341 1916 principium
372 1849 447 1894 suae
479 1825 630 1892 motionis
658 1837 691 1889 et
719 1847 844 1890 causam
873 1827 1043 1910 opificem,
1091 1851 1159 1894 non

143 1932 232 1996 iutra
249 1933 345 2016 'ipsas
378 1943 544 2015 praeterea
572 1932 612 1993 ad
644 1951 681 1994 ea
708 1932 912 2012 producenda
933 1952 1027 1996 causa
1049 1933 1159 2017 opifex

30 2114 33 2122 q
143 2035 280 2100 rationis
318 2055 449 2100 examen
486 2032 626 2098 adhibet.
691 2033 836 2097 Tertirun
878 2037 1004 2099 tandem
1046 2057 1159 2100 eorum

144 2161 229 2224 quae
253 2137 383 2202 alicuius
407 2136 511 2222 gratia
531 2135 611 2198 fiunt
643 2133 750 2199 locum
772 2137 890 2200 habent
911 2158 948 2200 ea
970 2159 1049 2220 quae
1070 2140 1157 2204 forte

145 2256 202 2308 aut
235 2265 311 2308 casu
345 2241 473 2310 evenire
491 2242 694 2314 'credtmtur3
739 2260 820 2324 quae
859 2239 1009 2303 differunt
1047 2244 1087 2304 ab
1118 2243 1157 2308 iis

145 2369 229 2432 quae
262 2347 380 2411 directe
404 2343 534 2408 alicuius
567 2365 648 2429 ergo
679 2343 779 2420 liunt,
825 2345 912 2427 quod
933 2342 965 2406 in
993 2343 1042 2408 bis
1065 2345 1155 2429 quic-

146 2451 226 2536 quid
261 2462 333 2512 ante
365 2448 593 2512 assecutionem
634 2445 794 2530 propositi
825 2446 880 2525 fit,
930 2446 964 2512 id
1002 2447 1039 2511 lit
1077 2449 1157 2514 alius

144 2553 310 2638 propositi
331 2551 456 2638 gnatia3
489 2551 522 2614 in
543 2550 605 2616 illis
626 2571 708 2615 uero
727 2563 775 2614 'ea
803 2571 882 2635 quae
910 2562 982 2615 ante
1011 2553 1156 2636 adeptio-

144 2679 221 2722 nem
266 2656 368 2732 fiunt,
422 2653 503 2718 liunt
539 2653 666 2718 alterius
704 2653 752 2718 rei
794 2653 1154 2741 adipiscendae'gratia.

147 2763 214 2826 Sed
244 2759 325 2836 illis,
363 2761 437 2822 dum
464 2756 512 2822 rei
545 2756 672 2822 alterius
704 2777 785 2842 ergo
814 2757 914 2835 liunt,
960 2757 1088 2822 obviam
1119 2760 1157 2824 lit

147 2864 220 2930 vice
241 2861 401 2948 propositi
415 2861 476 2939 id,
516 2863 603 2945 quod
623 2861 753 2927 fertum
777 2881 914 2946 casuque
935 2861 1006 2926 fieri
1027 2861 1154 2928 dicitur.

627 3175 674 3238 V.

213 3280 305 3344 Haec
326 3299 398 3343 cum
421 3279 467 3344 sic
485 3299 519 3342 se
535 3281 691 3353 habeant,
729 3290 762 3341 et
790 3299 871 3362 quae
892 3279 970 3340 fiunt
992 3281 1095 3342 omnia
1122 3283 1154 3345 in

147 3405 202 3448 eas
225 3405 304 3466 quas
325 3383 573 3464 nuncupavimus
596 3383 711 3445 classes
733 3381 795 3443 siut
816 3381 1003 3458 distributa,
1039 3405 1152 3448 conse·
1197 3439 1201 3448 ,

149 3507 251 3570 quens
285 3497 334 3548 est
361 3485 471 3549 videre
498 3484 531 3547 in
554 3506 646 3567 quem
668 3505 796 3548 censum
818 3505 981 3549 causarum
1004 3485 1153 3568 opificum

147 3588 287 3652 adscribi
317 3588 418 3653 satum
453 3589 576 3652 debeat.
635 3588 688 3650 An
723 3585 755 3650 in
792 3608 902 3650 eorum
930 3608 1010 3670 quae
1038 3591 1152 3654 nullius

147 3713 230 3778 ergo
258 3691 366 3754 fiunt?
412 3691 458 3754 At
479 3712 560 3754 vero
582 3691 645 3753 hoc
669 3691 898 3771 perabsurdum
925 3703 991 3753 est:
1030 3713 1153 3775 semper

148 3796 232 3860 enim
264 3817 335 3858 cum
360 3793 520 3877 propositi
551 3793 680 3857 alicuius
710 3793 903 3877 cogitatione
936 3794 1007 3858 Fati
1040 3801 1166 3859 voccm'

147 3898 296 3982 ponimus
334 3897 458 3981 ‹pioties
501 3897 630 3981 aliquod
665 3896 747 3961 Fato
792 3895 922 3960 dicimus
966 3899 1151 3980 provenire.

150 4002 258 4082 Quare
282 4001 410 4065 omnino
434 4002 548 4064 Fatum
571 4000 714 4064 circaea
737 3999 955 4067 collocandum
979 4012 1047 4075 cst,
1072 4023 1151 4084 quac
