2758 4760
1035 385 1093 447 tro

92 564 165 621 sunt
195 571 305 614 eorum
328 571 408 634 quae
431 561 642 635 generantur,
669 559 699 611 ct
728 563 995 634 corrumpuntur,
1022 553 1091 636 qui-

94 660 154 720 bus
180 675 246 718 non
275 665 322 717 est
354 653 486 718 alterum
517 645 739 736 oppositoruin
761 652 912 716 innatum.
971 657 1112 720 Unum..

96 761 247 842 quodque
268 767 375 840 potest
393 756 541 839 opposita
558 755 624 838 pati
646 765 677 820 et
697 777 780 832 non,
819 756 920 820 idest
941 758 1096 843 contingit

95 860 162 944 pati
184 871 215 923 et
233 881 298 924 non
314 859 392 942 pati.
437 860 534 941 Quod
556 869 659 921 autem
678 858 833 945 contingit
852 861 965 924 mutari
981 862 1013 925 in
1034 882 1095 944 ops

93 963 245 1048 positum,
269 962 302 1026 id
319 974 447 1030 nonest
469 984 510 1026 ex
527 961 725 1038 necessitate,
748 962 780 1025 in
803 984 992 1046 quocunque
1007 964 1095 1047 ipso-

93 1087 165 1130 rum
191 1066 279 1148 prius
297 1065 407 1129 fuerit.
451 1065 606 1128 Liberum
631 1063 729 1148 igitur
755 1065 918 1128 arbitrium
940 1088 1005 1130 non
1027 1088 1095 1130 om-

95 1169 146 1232 nia
165 1189 247 1252 quae
261 1169 357 1245 fiunt,
381 1177 414 1232 et
431 1167 616 1230 necessitate
633 1166 704 1228 fieri
721 1168 856 1248 probat;
878 1167 994 1249 indicio
1013 1190 1095 1252 quo-

96 1294 158 1356 que
183 1284 232 1336 cst
253 1271 384 1335 fortuna
405 1293 485 1354 quae
503 1268 738 1335 continuitatem
756 1290 885 1347 eorum,
910 1291 991 1354 quae
1014 1273 1095 1335 serie

97 1376 231 1458 quadam
262 1373 334 1437 fieri
362 1373 530 1449 videntur,
568 1371 747 1435 rescindere
771 1384 888 1456 potest.
934 1373 968 1438 Si
998 1374 1097 1458 igitur

96 1477 173 1542 nibil
199 1477 300 1540 minus
330 1476 457 1540 evidens
483 1497 576 1559 quam
601 1475 733 1560 Fatum,
779 1476 894 1558 aliquid
922 1477 953 1540 in
983 1489 1095 1542 nostro

99 1580 232 1644 arbitrio
255 1601 346 1656 esse,
378 1592 409 1642 et
434 1579 529 1642 multa
556 1600 573 1640 a
597 1577 726 1642 fortuna
753 1591 784 1642 et
806 1600 823 1641 a
849 1601 923 1642 casu
940 1580 1027 1656 fieri,
1066 1592 1098 1642 et

99 1683 228 1748 omnino
257 1683 288 1746 in
317 1685 412 1746 rebus
435 1681 631 1767 generationi
653 1681 818 1757 obnoxiis,
857 1682 888 1746 in
910 1683 1023 1768 quibus
1050 1694 1097 1745 est

98 1788 248 1862 Fatum,
273 1806 342 1849 esse
364 1806 491 1868 quoque
519 1797 661 1847 naturam
688 1783 916 1869 contingentis,
956 1807 994 1850 eo
1017 1807 1097 1850 vero

98 1890 168 1954 tolli
190 1888 426 1964 necessitatem,
449 1887 644 1971 impossibile
669 1886 769 1973 igitur
791 1898 838 1950 est
858 1900 893 1950 ut
912 1889 1023 1953 Fatum
1045 1909 1097 1954 res

8 2035 10 2040 ,
100 1995 251 2076 quaedam
273 1991 313 2054 sit
330 1991 516 2067 necessaria,
542 2002 573 2053 ot
595 2012 688 2073 quam
709 1992 887 2075 transgredi
903 1991 1097 2073 impossibile
1130 2037 1133 2044 .

98 2097 149 2160 sit.
195 2095 296 2178 Atqui
321 2094 353 2157 in
378 2094 526 2159 confesso
553 2104 600 2158 est
622 2091 725 2156 omnia
747 2116 828 2176 quae
848 2097 1017 2156 secuudum
1035 2095 1097 2156 Fa·

98 2211 164 2263 tum
185 2198 280 2273 fiunt,
320 2200 489 2260 seeundum
509 2195 651 2261 ordinem
674 2199 828 2277 quendam
849 2209 880 2259 et
902 2218 1098 2278 consequen·

98 2304 171 2366 tiam
193 2303 347 2384 quandam
373 2300 464 2376 fieri,
499 2311 532 2361 et
552 2298 665 2362 seriem
688 2301 841 2381 quandam
861 2302 979 2362 babere
1007 2299 1038 2362 in
1064 2321 1098 2361 se

97 2405 185 2488 ipsis,
237 2405 313 2467 Non
342 2403 423 2466 enim
459 2424 509 2466 res
540 2387 702 2464 Fortunae
733 2402 847 2466 similes
875 2416 946 2466 sunt
978 2402 1097 2466 eventis

97 2508 196 2591 ipsius
212 2507 302 2580 Fati3
334 2506 406 2568 illae
430 2506 512 2572 enirn
536 2505 695 2570 instabiles
718 2517 808 2581 sunt,
843 2517 874 2567 ct
897 2528 973 2569 raro
999 2507 1095 2582 finnt,

100 2625 129 2675 et
155 2613 231 2688 fere
267 2611 333 2675 sine
365 2631 476 2683 eausa3
508 2608 541 2671 id
567 2629 646 2676 vero
678 2611 765 2690 quod
791 2612 960 2672 secundum
983 2609 1097 2671 Fatum

99 2727 167 2791 est,
191 2727 294 2786 totum
311 2714 522 2778 contrarium:
546 2723 686 2778 catenam
700 2711 800 2796 igitur
814 2733 976 2777 causarum
994 2711 1097 2792 ipsum

99 2840 167 2882 esse
188 2817 307 2880 dicunt.
352 2817 435 2896 Quin
457 2837 558 2898 neque
585 2815 667 2878 idem
693 2817 779 2898 quod
801 2835 935 2897 eaquae
962 2837 1002 2877 ex
1019 2835 1097 2896 pro-

99 2922 207 3006 posito
229 2921 309 2982 fiunt
328 2921 440 2982 Fatum
459 2940 527 2988 esse
553 2918 695 2984 videtur:
720 2917 785 2980 eius
808 2917 888 2983 enim
910 2917 1096 2980 continuitas

100 3022 232 3088 anobis
261 3034 292 3084 et
315 3034 428 3094 nostro
451 3019 619 3101 proposito
645 3041 870 3101 saepenumero
897 3021 1095 3098 rescinditur,

99 3127 201 3210 Atqui
223 3125 254 3188 in
273 3125 503 3210 generabilibus
534 3135 565 3186 et
586 3123 844 3206 corruptibilibus
871 3126 926 3188 has
955 3124 1095 3186 videmus

100 3253 170 3294 esse
197 3251 304 3300 causas
330 3241 457 3310 praeter
483 3241 644 3304 naturam,
690 3249 770 3311 quae
789 3228 858 3310 ipsa
876 3227 1036 3292 constituit
1060 3239 1106 3287 ac·

100 3333 247 3407 fabricat,
271 3333 480 3408 Eiectionem,
510 3331 625 3400 Casum
641 3344 671 3394 et
682 3334 868 3396 Fortunam.
913 3334 950 3394 In
964 3331 1001 3396 iis
1016 3330 1099 3392 enim

101 3460 165 3501 non
185 3449 232 3508 est
251 3458 318 3512 ars,
344 3460 414 3500 cum
437 3455 572 3518 quorum
593 3436 680 3502 nullo
699 3437 811 3498 Fatum
826 3435 908 3498 idern
925 3456 993 3496 esse
1010 3433 1096 3496 vides

100 3554 165 3606 tur.
222 3539 391 3622 Reliquum
419 3541 517 3625 igitur
546 3553 592 3602 est
623 3553 657 3602 ut
690 3541 803 3603 Fatum
836 3539 913 3600 nihil
944 3537 1027 3599 aliud.
1055 3537 1095 3598 sit

103 3671 196 3732 quarn
210 3647 343 3729 propria
356 3657 467 3710 natura
484 3642 738 3726 uniuscuiusque.
782 3644 858 3705 Non
880 3641 960 3704 enim
982 3641 1012 3704 in
1027 3642 1097 3704 uni·

102 3751 218 3814 versarii
246 3763 276 3812 et
304 3748 461 3813 communi
490 3759 537 3810 est
562 3748 697 3820 Fatum,
731 3757 765 3810 ut
786 3747 818 3810 iu
841 3767 957 3830 genere
978 3747 1009 3808 in
1031 3745 1096 3806 ani-

46 3883 49 3888 ·
102 3855 256 3929 malibus,
281 3850 478 3924 homiuibus,
515 3849 622 3913 sedin
649 3849 876 3932 singularibus,
911 3849 1041 3912 Socrate
1066 3860 1097 3909 ct
1139 3833 1144 3842 ⁶

103 3957 217 4022 Callia.
248 4037 253 4046 ὁ
277 3958 315 4040 Iu
347 3955 395 4043 his
425 3966 525 4030 autern
558 3953 689 4036 propria
719 3964 832 4014 natura·
853 3952 1041 4034 principium
1067 3962 1097 4012 et
