2728 4758
253 373 316 436 218

251 539 311 622 τῆς
332 537 396 609 τῶν
419 539 630 632 Χριστιανῶν
656 535 827 628 άιρέσειις,
851 527 899 622 ’ἧς
919 533 1011 628 ἡμεῖς
1038 542 1071 606 ολ
1098 541 1248 622 δοξασεαλ

252 647 369 711 πολλοὶ
393 641 503 726 ὄντες,
540 648 596 711 καὶ
625 643 659 710 ἐν
683 637 862 736 διαφόροις
886 638 1064 731 άνὲστημεν
1089 643 1250 730 κλόμασιν,

252 745 287 815 ἓν
304 751 403 814 παντὶ
425 746 519 814 ἔθνει
540 751 596 813 καὶ
619 747 769 833 κλίματι,
800 741 832 813 όί
858 770 943 825 τινες
962 750 1080 813 πολλοὶ
1102 742 1191 824 ὄντες
1209 747 1251 814 ε’νλ
1291 737 1295 748 ’

252 843 392 939 ὀνόματι
414 845 623 939 κεκλήμεθα,
645 854 701 916 καλ
719 843 795 917 ὀύτε
816 853 848 917 οἱ
868 850 901 917 ἕν
922 850 1072 941 Παρθίᾳ
1094 852 1252 941 Χριστια-

251 958 303 1021 νοὶ
324 955 570 1042 πολυγαμοῦσι,
592 948 738 1044 Πάρθοι
753 947 967 1042 ὑπάρχοντες,
990 948 1055 1020 οὔτ’
1078 956 1110 1020 οἱ
1128 955 1160 1021 ἐν
1181 955 1252 1034 Mn·

253 1057 310 1148 δι’ρε
331 1062 406 1125 κυσὶ
425 1051 681 1148 παραβάλλουσι
708 1053 787 1135 τοὺς
806 1051 953 1147 νεκρούς·
986 1053 1046 1145 οὐχ
1067 1060 1098 1123 οἱ
1120 1057 1254 1144 ε’νΠερ-

253 1160 321 1228 σ’ἰδι
351 1162 495 1247 γαμοὺσι
521 1156 582 1239 τάς
612 1163 808 1252 θυγατέρας
835 1157 959 1242 άυτῶν,
993 1164 1125 1252 Πέρσαι
1151 1156 1255 1236 ὄντες·

253 1259 293 1330 οὐ
318 1259 411 1355 παρά
438 1258 615 1355 Βάκτροις
633 1269 689 1331 καὶ
713 1259 857 1342 Γάλλοις
885 1264 1069 1357 φθείρουσι
1097 1259 1176 1342 τούς
1198 1257 1256 1348 γά-

253 1382 355 1453 μους·
389 1361 449 1455 οὑχ
470 1372 502 1433 οἱ
525 1369 558 1434 ἕν
574 1363 741 1460 Ἀιγύπτφ
764 1363 992 1460 θρησκεύουσι
1014 1364 1073 1434 τὸν
1090 1362 1209 1446 Ἆπιν,
1236 1358 1255 1446 ὑ

253 1466 312 1536 τὸν
333 1464 452 1551 Κύνα,
482 1465 579 1552 ἢτὸν
603 1466 736 1562 Τράγον
756 1467 969 1562 ἢἏὶλουρον
990 1467 1050 1553 56)·
1085 1465 1155 1537 ἀλλ’
1176 1461 1256 1547 ὅπου

254 1575 351 1652 ἰισὶυ,
374 1567 449 1639 ὀύτε
470 1567 534 1639 ὑπὸ
556 1573 620 1639 τῶν
638 1573 746 1642 κακῶν
763 1578 916 1660 κειμένοιν
936 1570 1061 1663 νόμων,
1091 1579 1148 1641 καὶ
1170 1573 1257 1640 ἐθῶν

252 1676 427 1744 νικῶνται·
468 1670 527 1762 ούγ
557 1671 577 1756 ἡ
609 1677 653 1757 ³⁷)
677 1671 741 1744 ὑπὸ
769 1680 831 1746 τῶν
859 1675 967 1768 ἀργῶν
996 1679 1257 1769 πρυτανευομένη

252 1771 375 1866 γένεσις
393 1779 395 1786 ⁴
412 1773 534 1856 άυτοὺς
569 1773 744 1866 ἀναγκάζει
778 1783 849 1858 τοῖς
885 1775 1259 1872 ἀπειρημέναιςδκακοΐς

238 1877 319 1949 ’ὑπὸ
343 1882 403 1948 τοὺ
427 1877 638 1950 Διδασκάλου
663 1878 772 1951 ἀυτῶν
795 1884 969 1976 χρῆσθαι·
1003 1878 1092 1974 νόσῳ
1121 1884 1174 1964 δὲ,
1207 1886 1258 1948 καλ

252 1984 367 2077 πενὶρι,
403 1989 458 2052 καὶ
488 1980 635 2069 πάθεσι,
654 1992 724 2063 Ικαὶ
753 1995 826 2066 ταῖς
857 1987 1085 2074 νομιζομέναις
1113 1982 1261 2074 άτιμὶαις

254 2081 452 2156 ὑπόκεινται.
485 2080 611 2181 Ὥςπερ
632 2087 696 2177 γάρ
719 2085 737 2156 ό
763 2085 942 2182 ἐλεύθερος
962 2084 1051 2176 ἡμῶν
1077 2085 1260 2180 ἄνθρωπος

255 2186 419 2260 δουλεύειν
439 2187 498 2259 οὐκ
510 2187 745 2278 ἀναγκάζεται,
767 2189 830 2285 κᾷν
851 2188 1071 2286 ἀναγκασθῇ,
1095 2187 1261 2260 ἆνθόστα-

254 2320 313 2362 ται
340 2303 410 2374 τοῖς
445 2291 705 2382 ἀναγκάζουσιν·
730 2291 853 2375 ’όύτως
888 2291 965 2362 οὐδὲ
1001 2290 1020 2361 ό
1062 2291 1263 2388 φαινόμενος

254 2395 346 2485 ὑμῶν
367 2400 486 2476 δοῦλος
505 2395 689 2490 ἄνθρωπος
710 2400 768 2482 τῆς
784 2395 953 2485 ὑποταγῆς
978 2394 1149 2492 ἐκφεύγειν
1172 2397 1263 2489 ῥαδὶ·

255 2529 299 2581 ως
331 2498 481 2570 δύναται.
539 2497 591 2568 ’Et
621 2501 686 2595 γάρ
715 2497 825 2570 πάντα
854 2499 1064 2587 ἐδυνάμεθα,
1102 2497 1198 2590 ἡμεῖς
1225 2495 1264 2567 όὶτ

238 2593 335 2694 ’ἦμεν
356 2602 395 2672 τὸ
416 2607 501 2685 πᾶν,
524 2596 622 2685 ύςτε,
645 2608 673 2672 εἰ
693 2607 795 2693 μηδὲν
812 2601 1020 2694 ἐδυνάμεθα,
1043 2601 1156 2672 ἄλλων
1175 2593 1263 2692 ἦμεν,

255 2705 299 2787 ὡς
322 2713 495 2799 προεῖπον,
532 2705 659 2797 ὄργανα
681 2715 737 2776 καὶ
758 2704 818 2798 οὑχ
839 2709 970 2778 ἑαυτῶν.
1019 2708 1105 2776 Θεοῦ
1135 2703 1165 2777 δ’
1198 2709 1264 2774 ε’πι·

253 2806 430 2888 νεύσαντος
466 2805 575 2879 πάντα
606 2809 731 2879 δυνατά
758 2819 814 2880 καὶ
845 2808 1086 2900 άνεμπόδιστα·
1133 2813 1174 2908 τῇ
1201 2808 1264 2901 γάρ

256 2915 377 2981 ἐκείνου
398 2909 556 2998 βουλήσει
580 2911 675 2982 οὐδὲν
703 2912 900 2998 άντιστῆναὶ
923 2911 1079 2983 δύναται·
1117 2921 1177 2983 καὶ
1202 2911 1265 3004 γάρ

256 3015 298 3083 τά
324 3020 487 3086 δοκοῦντα
511 3015 770 3100 ἀνθίστασθαι,
799 3015 1064 3107 ἆυτοῦγρηστοὺ
1088 3017 1191 3098 ὄντος
1212 3023 1266 3085 καλ

257 3127 503 3214 συγχωροῦντος
523 3119 643 3218 ἑκάστῃ
665 3118 764 3217 φύσει
786 3122 868 3211 ἔχειν
889 3119 948 3204 τὴν
971 3117 1137 3207 ἰδιότητα,
1159 3128 1218 3196 καὶ
1231 3113 1268 3188 τό

257 3223 468 3311 ἇυτεζούσιου
491 3227 549 3295 τοῦ
570 3223 784 3314 θελήματος,
811 3220 1031 3295 άνθίσταιαι.

325 3334 483 3402 Τοσαῦτα
504 3326 601 3398 καὶὸ
623 3325 748 3420 Σύρος.
