2804 4762
1113 429 1154 492 15

141 598 277 664 alicuius
297 597 345 662 rei
365 619 446 683 ergo
468 597 560 662 nunt.
617 598 669 664 Ae
692 599 818 682 quando
841 617 970 674 eorum,
1010 619 1090 683 quae
1114 601 1154 662 ad

138 701 354 786 propositum¹
375 701 587 779 destinantur,
623 702 683 768 alia
704 701 783 766 flunt
804 712 935 779 natura,
968 699 1031 766 alia
1052 702 1152 766 ratio·

138 805 338 910 cinctione,⁸
358 827 397 870 an
432 808 614 890 ponendum
651 807 765 870 Fatum
801 806 887 870 cirea
911 815 1052 889 ,utraque
1074 807 1153 870 haee

137 908 282 988 versari,
305 909 350 975 ita
370 919 406 974 ut
427 909 533 975 omnia
554 930 635 994 quae
656 909 703 975 sie
723 909 820 988 fiunt,
844 909 929 974 Fato
950 907 1027 974 fieri
1044 909 1151 974 diean-
1261 981 1265 990 ¹

136 1023 212 1089 tur,
249 1033 289 1078 an
311 1012 397 1076 eirea
417 1015 534 1077 horum
556 1013 688 1078 alterum
710 1011 836 1098 genus?
877 1012 1045 1078 Sedenim
1068 1033 1151 1096 quae

135 1115 382 1182 ratiocinatione
404 1115 502 1193 fiunt,
536 1115 610 1180 ideo
639 1115 786 1180 videntur
815 1113 876 1179 diei
908 1115 1152 1180 ratiocinatione

134 1219 233 1296 fieri,
271 1218 345 1304 quia
364 1217 392 1284 is
415 1217 470 1304 qui
489 1209 567 1284 fecit
588 1217 681 1282 etiam
702 1241 767 1282 non
787 1217 923 1284 faciendi
950 1217 1061 1282 habuit
1088 1241 1151 1303 po·
1249 1256 1252 1261 ·

134 1334 301 1388 testatem.
364 1322 448 1388 Nam
484 1343 566 1407 quae
594 1324 634 1386 ab
666 1320 839 1386 artificibus
871 1322 1044 1384 secundum
1066 1334 1151 1386 artes

134 1426 242 1502 fiunt,
268 1445 305 1490 ea
326 1445 391 1492 non
412 1425 560 1490 videntur
581 1447 623 1490 ex
643 1423 833 1490 necessitate
853 1423 919 1489 ulla
940 1423 1054 1490 fluere.
1097 1425 1150 1490 Ita

135 1529 260 1614 quippe
292 1527 418 1614 singula
453 1527 574 1594 iaciunt
606 1529 765 1607 miliens,
803 1538 838 1592 ut
867 1538 899 1590 et
930 1547 996 1592 non
1016 1527 1153 1594 faciendi

134 1634 278 1697 habeant
300 1630 479 1698 arbitrium.
526 1635 571 1698 Et
592 1634 756 1716 quomodo
777 1653 842 1696 non
863 1631 905 1696 sit
925 1630 1151 1696 inconveniens

134 1735 246 1802 dicere
278 1738 407 1801 domum
440 1747 494 1799 aut
526 1735 641 1800 lectum
669 1737 738 1801 fato
768 1735 872 1813 faeta,
912 1746 971 1800 aut
999 1734 1152 1800 citharam

133 1841 208 1904 fato
230 1839 429 1923 temperari?
472 1840 537 1906 Sed
558 1859 697 1924 quorum
717 1837 845 1904 domina
873 1850 922 1902 est
943 1838 1034 1922 optio
1055 1859 1151 1922 prae·

133 1941 212 2020 via,
250 1943 298 2025 (in
327 1954 378 2009 cst
412 1963 493 2027 quae
523 1965 597 2008 eum
629 1942 747 2007 viruite
777 1953 831 2006 aut
844 1942 938 2028 ¹uitio
959 1941 1039 2005 fiunt
1052 1943 1078 2024 ,)
1116 1961 1153 2006 ea

135 2066 271 2130 quoque
292 2045 440 2110 videntur
469 2067 538 2112 esse
560 2045 665 2112 nostri
685 2045 777 2110 iuris.
843 2047 941 2130 Quod
969 2045 996 2110 si
1022 2057 1154 2110 nostrae

134 2161 213 2213 sunt
240 2149 408 2231 potestatis
438 2169 498 2226 ea,
545 2151 586 2214 ad
613 2169 694 2232 quae
723 2151 847 2234 agenda
867 2161 921 2212 aut
941 2169 1007 2212 non
1030 2151 1153 2233 agenda

135 2250 260 2316 domini
292 2274 418 2329 sumus,
463 2273 529 2318 non
559 2263 669 2335 potest
701 2251 763 2316 diei
790 2253 905 2317 Fatum
940 2251 1049 2315 talium'
1082 2273 1152 2316 esse

135 2376 258 2432 causa,
296 2377 400 2440 neque
415 2377 538 2420 *causas
566 2367 598 2419 et
630 2355 787 2440 principia
814 2369 947 2420 externa
976 2376 1044 2419 esse
1072 2377 1153 2439 pro·

134 2457 239 2536 iente,
277 2480 337 2543 per
365 2479 448 2543 quae
475 2458 550 2525 tatia
571 2459 796 2524 inevitabiliter
817 2461 944 2524 fierent.
1008 2459 1092 2526 Nam
1106 2497 1108 2514 ι
1121 2458 1154 2522 id

135 2561 166 2626 si
188 2573 294 2639 esset,
333 2561 396 2626 iam
417 2563 450 2628 in
478 2574 592 2629 nostro
623 2561 757 2628 arbitrio
791 2585 857 2628 non
890 2574 992 2642 esset,
1029 2574 1066 2626 nt
1093 2559 1155 2627 ista

135 2677 244 2730 essent
265 2677 319 2730 aut
338 2665 465 2732 fierent.

196 2872 319 2944 Restat
339 2884 375 2936 ut
396 2872 519 2938 dicatur
539 2874 612 2938 Fati
642 2875 691 2939 vis
721 2876 782 2940 sita
805 2874 837 2939 in
860 2873 898 2938 iis
934 2894 1015 2958 qnae
1043 2883 1156 2940 natura

137 2974 257 3053 fiunt,
285 2975 329 3040 ita
350 2987 386 3040 ut
404 2976 488 3042 idem
509 2977 550 3040 sit
576 2989 689 3042 natura
717 3001 754 3042 ac
775 2979 902 3044 Fatum.
947 2979 1045 3042 Nam·
1066 2975 1154 3059 quic·

138 3079 216 3162 quid
246 3080 342 3145 fatale
379 3093 448 3160 est,
491 3078 525 3146 id
556 3103 599 3146 ex
629 3093 742 3146 natura
768 3091 835 3158 est,
867 3093 899 3144 et
927 3079 1076 3164 quicquid
1113 3101 1155 3142 ex

138 3195 275 3262 namra,
310 3185 425 3254 fatale:
459 3207 562 3270 neque
590 3185 733 3250 naturale
767 3196 815 3249 est
846 3185 1007 3249 bominem
1030 3204 1071 3246 ex
1090 3185 1152 3248 ho·

139 3285 287 3359 minesset
322 3309 438 3372 equum
467 3310 508 3352 cx
538 3310 622 3374 equo
654 3288 758 3365 nasci,
793 3299 830 3352 nt
851 3288 1021 3353 nonidem
1043 3287 1084 3349 sit
1105 3287 1154 3348 fa-

139 3390 215 3454 tale.
261 3392 326 3456 Sed
353 3381 543 3457 comitantur
570 3395 647 3458 istae
677 3392 859 3458 efficientiae
882 3393 980 3454 altera
1001 3391 1151 3467 alteram,
1186 3413 1189 3420 ¹

139 3506 176 3556 ut
197 3516 279 3577 quae
301 3495 514 3578 appellatione
542 3497 611 3562 sola
634 3499 802 3562 differant:
841 3515 940 3579 quare
968 3505 1000 3557 et
1031 3493 1153 3577 primae

140 3619 255 3662 causae
279 3600 412 3685 originis
434 3601 482 3666 rei
503 3601 654 3686 cuiusque
683 3603 852 3666 seeundum
875 3610 1020 3662 naturam
1043 3597 1153 3667 dicun„

73 3729 80 3740 1
140 3713 287 3776 tetresse
320 3703 444 3768 divinae
474 3717 604 3770 namrae
641 3708 766 3788 (astra)
803 3715 835 3769 et
867 3723 975 3767 earum
1010 3701 1154 3766 ordinata

140 3805 367 3886 circumactio,
409 3811 582 3894 eademque
620 3811 765 3874 dicuntur
804 3809 876 3874 Fati
915 3790 996 3872 esse
1026 3828 1155 3870 causae.-

142 3909 254 3976 Omnis
278 3910 394 3995 quippe
417 3926 506 3978 ortus
538 3914 659 3980 initium
687 3921 735 3980 est
764 3913 939 3978 divinarum
967 3923 1156 3976 naturarum·

142 4017 217 4078 dum
240 4029 430 4094 moventur,
455 4031 560 4084 certus
584 4019 709 4103 quidam
732 4018 866 4106 habitus-
880 4021 918 4081 ad
932 4037 984 4081 ren
1000 4014 1151 4080 infernas.

293 4209 298 4222 ,
406 4173 410 4210 t
