2758 4760
1051 437 1111 497 1‘21

111 591 282 686 impedita:
298 607 392 685 Quod
415 607 442 668 ei
463 609 525 670 hoc
547 605 637 669 eliam
661 609 859 669 condonetur
880 618 911 666 et
934 627 1001 668 esse
1017 606 1114 667 Mun·
1184 595 1195 603 ’

111 711 201 784 «lum,
228 721 260 770 et
282 729 321 771 eo
344 709 469 789 posito,
502 730 569 771 esse
592 709 679 772 Deos
703 711 899 792 (quanquam
922 729 964 771 ex
985 709 1117 790 Epicuri

112 811 267 873 sententia
290 810 343 873 Dii
366 824 455 873 extra
479 813 636 874 Mundum
659 814 769 890 sunt,)
803 823 833 872 et
855 812 943 875 Deos
967 815 1035 873 esse'
1056 811 1125 872 bo-'

110 934 187 990 nos,
227 925 258 975 et
286 914 358 976 inde
387 927 536 996 sequntur
564 934 632 976 esse
654 913 724 976 Diis
748 914 916 990 virtutem,
956 917 1116 996 quomodo

111 1038 151 1077 ex
174 1037 233 1091 ee,
258 1018 345 1100 quod
367 1016 470 1100 aliqua
492 1017 531 1079 sit
553 1018 695 1081 Deorum
719 1018 837 1094 virtus,
870 1019 1019 1103 colligent
1049 1039 1118 1080 esse

116 1131 146 1180 et
181 1117 402 1200 prudentiam?
460 1120 549 1199 Quae
574 1120 654 1182 enim
682 1120 773 1182 huius
802 1121 1028 1185 coniunctionis
1065 1142 1119 1183 ne-

111 1221 273 1284 cessitas?
319 1223 400 1283 Nam
429 1222 456 1284 si
483 1222 621 1303 positum
650 1221 690 1284 sit
712 1243 779 1284 esse
801 1223 960 1285 hominum
984 1223 1117 1305 aliquam

13 1335 17 1346 '
112 1324 296 1398 virtruem‚'
317 1335 404 1386 reete
430 1324 501 1387 inde
536 1324 707 1387 inferretur
736 1345 805 1388 esse
837 1336 868 1387 et
895 1324 1119 1406 prudentiam?

113 1425 197 1492 Cum
218 1448 297 1490 vero
321 1447 360 1488 ex
383 1427 544 1490 antedictis
571 1429 735 1492 collectum
756 1425 869 1503 fuerit,
895 1449 964 1490 esse
986 1427 1119 1510 aliquam

115 1529 264 1593 Deorum
284 1529 455 1605 virtutem,
495 1533 656 1613 quomodo
682 1553 722 1593 ex
745 1531 887 1595 Deorum
906 1531 1021 1592 virtute
1042 1552 1121 1593 oona

111 1645 263 1715 sequetur
291 1634 475 1717 prudentia,
516 1655 595 1715 quae
625 1646 671 1697 est
694 1633 794 1697 virtus
815 1633 971 1696 humana?
1007 1635 1120 1716 Neque

111 1736 193 1800 enim
219 1735 325 1797 dicere
356 1757 522 1816 possumus
560 1739 683 1799 easdem
720 1759 789 1800 esse
819 1739 950 1800 virtutes
977 1736 1121 1799 Deorum
1166 1821 1168 1826 ,

111 1837 356 1920 hominumque:
380 1859 438 1901 nec
460 1837 540 1901 enim
565 1839 596 1901 in
612 1839 680 1902 Diis
704 1840 795 1903 eti-am
818 1862 927 1902 verum
944 1851 991 1902 est
1011 1860 1121 1902 eorum

112 1961 202 2023 quae
233 1952 297 2002 tam
333 1941 462 2002 multum
509 1943 622 2004 distant
665 1955 775 2024 suapte
813 1956 940 2018 natura,
1000 1944 1122 2004 easdem

111 2063 182 2106 esse
206 2044 488 2114 consummationes
520 2027 793 2126 atqno'virtutem
825 2065 986 2127 neoqnae
1010 2045 1063 2112 illi,
1084 2049 1121 2106 de

112 2145 159 2208 his
183 2147 279 2206 rebus
300 2145 424 2222 dieunt,
449 2147 615 2227 probabile
636 2147 752 2230 aliquid
770 2148 942 2210 continent.
987 2149 1047 2210 Est
1067 2169 1122 2209 au·

111 2249 335 2340 tomuhumana
365 2249 465 2311 virtus
492 2250 675 2330 prudentia:
714 2253 773 2312 Est
799 2249 901 2328 enim,
939 2262 973 2311 ut
1003 2263 1034 2324 et
1062 2249 1122 2330 ipsi

112 2352 215 2427 aiunt,
254 2351 383 2414 seientia
412 2351 628 2415 faciendorum
666 2365 697 2415 et
722 2374 784 2415 non
814 2353 1043 2417 faciendorum.
1089 2353 1123 2414 Si

113 2454 195 2517 enim
225 2453 297 2516 fieri
325 2465 433 2535 potest
462 2466 497 2516 ut
527 2455 643 2537 aliquid
672 2477 735 2518 non
762 2468 875 2540 agatur
904 2478 1014 2519 eornm
1044 2477 1124 2538 quae

113 2558 257 2623 facienda
274 2569 367 2632 sunt,
392 2557 497 2620 locum
515 2560 610 2620 habet
627 2557 687 2620 ista
705 2558 833 2621 seientia
853 2559 1069 2620 faciendorum
1093 2571 1125 2620 et

115 2681 181 2728 non
200 2660 430 2723 faciendorum.
475 2663 520 2723 At
541 2661 568 2723 si
590 2674 702 2723 cuneta
716 2663 797 2725 Fato
818 2662 915 2737 fiant,
940 2661 1055 2724 inutilis
1078 2671 1125 2722 est

115 2763 245 2826 seientia
280 2762 494 2839 faciendorum
528 2775 559 2826 el·
588 2785 651 2827 non
681 2765 907 2828 faciendorum.
954 2764 1017 2843 Qui
1043 2764 1123 2825 enim

114 2849 186 2929 lalis
215 2866 343 2928 scientia
368 2848 451 2928 utilis
479 2867 540 2942 eis,
581 2867 634 2948 qui
663 2867 738 2929 nihil
764 2887 875 2930 eorum
902 2889 982 2949 quae
1005 2879 1123 2950 egunt,
1166 2916 1168 2921 .

116 2971 220 3033 vilare
244 2968 401 3051 possunt?
425 2971 521 3048 Quod
543 2969 570 3030 si
591 2968 718 3030 seientia
740 2969 846 3031 illaad
869 2971 943 3031 nihil
966 2981 1012 3033 est
1028 2970 1124 3037 utilis,

117 3073 243 3140 tollitur
264 3072 324 3134 iam
339 3072 524 3152 prudentia:
549 3072 591 3133 ita
611 3084 645 3140 nt
663 3071 762 3135 multo
781 3072 892 3134 melior
914 3073 1029 3134 sitista
1048 3093 1125 3133 eon·

117 3175 301 3259 sequentiat
326 3175 353 3237 si
379 3187 425 3236 est
446 3176 575 3251 Fatum,
614 3197 678 3238 non
705 3176 1000 3257 esseprudeiuiam.
1039 3167 1126 3236 'uam

70 3315 73 3320 ·
117 3281 281 3363 quomodo
297 3277 350 3339 lex
364 3277 486 3348 tollitur
505 3279 587 3342 Fato
611 3278 764 3353 admisso,
790 3281 900 3341 eodem
922 3280 1017 3340 modo
1041 3277 1127 3339 lolli-

12 3414 22 3442 μ
114 3395 169 3445 tur
194 3393 224 3444 et
244 3379 421 3462 prudentia.
474 3381 546 3460 Qun
575 3383 696 3448 sublata
725 3381 882 3464 seqnitur,
914 3393 947 3441 ut
976 3380 1128 3441 tollantur

118 3497 150 3547 et
171 3485 232 3547 alia
255 3485 330 3559 illa,
364 3501 450 3566 ‘quae
475 3482 579 3564 posita
605 3484 768 3565 prudentia
795 3473 872 3565 poni
901 3486 941 3544 ab
970 3482 1029 3544 illis
1064 3493 1127 3544 sla·

117 3601 262 3651 luuntur.

521 3692 727 3762 XXXVIII.

155 3870 157 3874 Ι
184 3795 253 3860 Iam
276 3815 355 3858 vero
378 3796 464 3876 qnod
489 3793 533 3856 illi
558 3815 622 3856 non
642 3816 682 3856 eo
702 3797 788 3877 quod
815 3797 981 3858 ostendunt
1005 3813 1129 3855 munere

122 3891 330 3966 animanlibus
353 3918 393 3959 ex
416 3898 556 3978 appetitu
573 3897 761 3972 mollonem,
787 3897 906 3958 etiamsi
928 3896 1032 3960 onmia
1048 3896 1129 3957 Fato
1176 3969 1179 3977 1

118 4003 213 4079 finnt,
240 4003 283 4066 ob
302 4001 333 4063 id
350 4000 529 4088 relinquunt
553 3999 644 4072 nobie
663 3999 695 4062 id
715 4002 800 4082 quod
824 4001 981 4062 innostra
1001 4012 1046 4062 est
1068 4020 1128 4080 po·

310 4167 403 4270 o
