<?xml version="1.0" encoding="UTF-8"?>
<!DOCTYPE html PUBLIC "-//W3C//DTD XHTML 1.0 Transitional//EN"
    "http://www.w3.org/TR/xhtml1/DTD/xhtml1-transitional.dtd">
<html xmlns="http://www.w3.org/1999/xhtml" xml:lang="en" lang="en">
 <head>
  <title>
</title>
<meta http-equiv="Content-Type" content="text/html;charset=utf-8" />
  <meta name='ocr-system' content='tesseract 3.04.00' />
  <meta name='ocr-capabilities' content='ocr_page ocr_carea ocr_par ocr_line ocrx_word'/>
</head>
<body>
  <div class='ocr_page' id='page_1' title='image "./alexandriaphrod00bardgoog_0013.png"; bbox 0 0 2804 4762; ppageno 0'>
   <div class='ocr_carea' id='block_1_1' title="bbox 1124 479 1160 518">
    <p class='ocr_par' dir='ltr' id='par_1_1' title="bbox 1124 479 1160 518">
     <span class='ocr_line' id='line_1_1' title="bbox 1124 479 1160 518; baseline 0.028 -1"><span class='ocrx_word' id='word_1_1' title='bbox 1124 479 1160 518; x_wconf 71' lang='lat' dir='ltr'>lx</span> 
     </span>
    </p>
   </div>
   <div class='ocr_carea' id='block_1_2' title="bbox 151 609 1163 1082">
    <p class='ocr_par' dir='ltr' id='par_1_2' title="bbox 151 609 1163 1082">
     <span class='ocr_line' id='line_1_2' title="bbox 153 609 1162 703; baseline 0.005 -5"><span class='ocrx_word' id='word_1_2' title='bbox 153 617 384 698; x_wconf 84' lang='lat' dir='ltr'>Enneadum</span> <span class='ocrx_word' id='word_1_3' title='bbox 424 609 592 698; x_wconf 79' lang='lat' dir='ltr'><strong>editione</strong></span> <span class='ocrx_word' id='word_1_4' title='bbox 633 620 795 698; x_wconf 84' lang='lat' dir='ltr'>Marsilii</span> <span class='ocrx_word' id='word_1_5' title='bbox 833 621 959 696; x_wconf 91' lang='lat' dir='ltr'>Ficini</span> <span class='ocrx_word' id='word_1_6' title='bbox 992 623 1162 703; x_wconf 89' lang='lat' dir='ltr'>Basileae</span> 
     </span>
     <span class='ocr_line' id='line_1_3' title="bbox 152 740 1163 842; baseline 0.01 -27"><span class='ocrx_word' id='word_1_7' title='bbox 152 742 256 841; x_wconf 87' lang='lat' dir='ltr'>apud</span> <span class='ocrx_word' id='word_1_8' title='bbox 274 741 435 814; x_wconf 84' lang='lat' dir='ltr'>Pernam</span> <span class='ocrx_word' id='word_1_9' title='bbox 460 740 677 840; x_wconf 89' lang='lat' dir='ltr'>Lecythum</span> <span class='ocrx_word' id='word_1_10' title='bbox 703 740 797 816; x_wconf 79' lang='lat'>1580</span> <span class='ocrx_word' id='word_1_11' title='bbox 822 742 1003 842; x_wconf 87' lang='lat' dir='ltr'>impressa</span> <span class='ocrx_word' id='word_1_12' title='bbox 1025 744 1163 825; x_wconf 82' lang='lat' dir='ltr'>deseri.</span> 
     </span>
     <span class='ocr_line' id='line_1_4' title="bbox 151 861 1159 964; baseline 0.009 -33"><span class='ocrx_word' id='word_1_13' title='bbox 151 872 279 960; x_wconf 82' lang='lat' dir='ltr'>ptam,</span> <span class='ocrx_word' id='word_1_14' title='bbox 323 863 504 935; x_wconf 88' lang='lat' dir='ltr'>correctis</span> <span class='ocrx_word' id='word_1_15' title='bbox 526 875 654 938; x_wconf 89' lang='lat' dir='ltr'>tamen</span> <span class='ocrx_word' id='word_1_16' title='bbox 686 862 835 960; x_wconf 90' lang='lat' dir='ltr'>aliquot</span> <span class='ocrx_word' id='word_1_17' title='bbox 859 861 960 937; x_wconf 87' lang='lat' dir='ltr'>vitiis</span> <span class='ocrx_word' id='word_1_18' title='bbox 985 877 1159 964; x_wconf 87' lang='lat' dir='ltr'>typogra-</span> 
     </span>
     <span class='ocr_line' id='line_1_5' title="bbox 151 979 1161 1082; baseline 0.005 -28"><span class='ocrx_word' id='word_1_19' title='bbox 151 979 292 1079; x_wconf 67' lang='lat' dir='ltr'>phicis.v</span> <span class='ocrx_word' id='word_1_20' title='bbox 336 979 483 1056; x_wconf 82' lang='lat' dir='ltr'>Addidi</span> <span class='ocrx_word' id='word_1_21' title='bbox 512 981 626 1056; x_wconf 88' lang='lat' dir='ltr'>etiam</span> <span class='ocrx_word' id='word_1_22' title='bbox 655 980 879 1056; x_wconf 87' lang='lat' dir='ltr'>Bardesanis</span> <span class='ocrx_word' id='word_1_23' title='bbox 912 982 996 1082; x_wconf 89' lang='lat' dir='ltr'>Syri</span> <span class='ocrx_word' id='word_1_24' title='bbox 1028 987 1161 1059; x_wconf 91' lang='lat' dir='ltr'>locum</span> 
     </span>
    </p>
   </div>
   <div class='ocr_carea' id='block_1_3' title="bbox 151 1099 1289 1205">
    <p class='ocr_par' dir='ltr' id='par_1_3' title="bbox 151 1099 1289 1205">
     <span class='ocr_line' id='line_1_6' title="bbox 151 1099 1289 1205; baseline 0.004 -31"><span class='ocrx_word' id='word_1_25' title='bbox 151 1101 332 1176; x_wconf 88' lang='lat' dir='ltr'>adversus</span> <span class='ocrx_word' id='word_1_26' title='bbox 366 1099 591 1198; x_wconf 85' lang='lat' dir='ltr'>Astrologos</span> <span class='ocrx_word' id='word_1_27' title='bbox 622 1111 814 1177; x_wconf 89' lang='lat' dir='ltr'>servatum</span> <span class='ocrx_word' id='word_1_28' title='bbox 844 1099 892 1174; x_wconf 91' lang='lat' dir='ltr'>ab</span> <span class='ocrx_word' id='word_1_29' title='bbox 922 1100 1092 1177; x_wconf 87' lang='lat' dir='ltr'>Eusebio</span> <span class='ocrx_word' id='word_1_30' title='bbox 1120 1105 1162 1178; x_wconf 92' lang='lat' dir='ltr'>in</span> <span class='ocrx_word' id='word_1_31' title='bbox 1283 1194 1289 1205; x_wconf 26' lang='grc' dir='ltr'>ι</span> 
     </span>
    </p>
   </div>
   <div class='ocr_carea' id='block_1_4' title="bbox 94 1217 1234 3234">
    <p class='ocr_par' dir='ltr' id='par_1_4' title="bbox 94 1217 1234 2515">
     <span class='ocr_line' id='line_1_7' title="bbox 152 1217 1160 1326; baseline 0.005 -33"><span class='ocrx_word' id='word_1_32' title='bbox 152 1217 445 1319; x_wconf 88' lang='lat' dir='ltr'>Praeparatione</span> <span class='ocrx_word' id='word_1_33' title='bbox 455 1219 701 1316; x_wconf 86' lang='lat' dir='ltr'>Evangelica,</span> <span class='ocrx_word' id='word_1_34' title='bbox 711 1219 859 1326; x_wconf 82' lang='lat' dir='ltr'>collatis</span> <span class='ocrx_word' id='word_1_35' title='bbox 868 1219 966 1293; x_wconf 88' lang='lat' dir='ltr'>Rob.</span> <span class='ocrx_word' id='word_1_36' title='bbox 976 1221 1160 1322; x_wconf 90' lang='lat' dir='ltr'>Stephani</span> 
     </span>
     <span class='ocr_line' id='line_1_8' title="bbox 151 1323 1234 1437; baseline -0.002 -21"><span class='ocrx_word' id='word_1_37' title='bbox 151 1352 191 1416; x_wconf 90' lang='lat' dir='ltr'>et</span> <span class='ocrx_word' id='word_1_38' title='bbox 212 1341 347 1413; x_wconf 87' lang='lat' dir='ltr'>Franc.</span> <span class='ocrx_word' id='word_1_39' title='bbox 373 1338 507 1437; x_wconf 88' lang='lat' dir='ltr'>Vigeri</span> <span class='ocrx_word' id='word_1_40' title='bbox 536 1323 792 1431; x_wconf 72' lang='lat' dir='ltr'>editionibus,</span> <span class='ocrx_word' id='word_1_41' title='bbox 832 1338 985 1414; x_wconf 87' lang='lat' dir='ltr'>tandem</span> <span class='ocrx_word' id='word_1_42' title='bbox 1013 1341 1162 1416; x_wconf 88' lang='lat' dir='ltr'>coroni-</span> <span class='ocrx_word' id='word_1_43' title='bbox 1232 1394 1234 1405; x_wconf 62' lang='grc'><em>»</em></span> 
     </span>
     <span class='ocr_line' id='line_1_9' title="bbox 94 1453 1213 1558; baseline -0.003 -27"><span class='ocrx_word' id='word_1_44' title='bbox 94 1453 98 1459; x_wconf 73' lang='grc'><strong>’</strong></span> <span class='ocrx_word' id='word_1_45' title='bbox 150 1459 208 1534; x_wconf 92' lang='lat' dir='ltr'>dis</span> <span class='ocrx_word' id='word_1_46' title='bbox 234 1462 323 1532; x_wconf 94' lang='lat' dir='ltr'>loco</span> <span class='ocrx_word' id='word_1_47' title='bbox 345 1471 495 1558; x_wconf 92' lang='lat' dir='ltr'>praeter</span> <span class='ocrx_word' id='word_1_48' title='bbox 515 1462 634 1536; x_wconf 87' lang='lat' dir='ltr'>breve</span> <span class='ocrx_word' id='word_1_49' title='bbox 650 1457 807 1534; x_wconf 82' lang='lat' dir='ltr'>Alcinoi</span> <span class='ocrx_word' id='word_1_50' title='bbox 828 1455 974 1556; x_wconf 88' lang='lat' dir='ltr'>Caput,</span> <span class='ocrx_word' id='word_1_51' title='bbox 1003 1459 1164 1556; x_wconf 84' lang='lat' dir='ltr'>Georgii</span> <span class='ocrx_word' id='word_1_52' title='bbox 1211 1525 1213 1528; x_wconf 83' lang='lat'>.</span> 
     </span>
     <span class='ocr_line' id='line_1_10' title="bbox 152 1577 1162 1656; baseline 0.001 -2"><span class='ocrx_word' id='word_1_53' title='bbox 152 1579 316 1655; x_wconf 89' lang='lat' dir='ltr'>Gemisti</span> <span class='ocrx_word' id='word_1_54' title='bbox 334 1577 531 1654; x_wconf 88' lang='lat' dir='ltr'>Plethonis</span> <span class='ocrx_word' id='word_1_55' title='bbox 546 1579 723 1654; x_wconf 89' lang='lat' dir='ltr'>libellum</span> <span class='ocrx_word' id='word_1_56' title='bbox 742 1577 791 1653; x_wconf 87' lang='lat' dir='ltr'>de</span> <span class='ocrx_word' id='word_1_57' title='bbox 808 1577 904 1651; x_wconf 91' lang='lat' dir='ltr'>Fato</span> <span class='ocrx_word' id='word_1_58' title='bbox 923 1601 970 1652; x_wconf 81' lang='lat' dir='ltr'>ex</span> <span class='ocrx_word' id='word_1_59' title='bbox 992 1578 1162 1656; x_wconf 85' lang='lat' dir='ltr'>editione</span> 
     </span>
     <span class='ocr_line' id='line_1_11' title="bbox 149 1695 1164 1794; baseline 0 -21"><span class='ocrx_word' id='word_1_60' title='bbox 149 1700 250 1773; x_wconf 87' lang='lat' dir='ltr'>Sam.</span> <span class='ocrx_word' id='word_1_61' title='bbox 267 1697 437 1773; x_wconf 89' lang='lat' dir='ltr'>Reimari</span> <span class='ocrx_word' id='word_1_62' title='bbox 454 1695 757 1794; x_wconf 87' lang='lat' dir='ltr'>Hamburgcnsis</span> <span class='ocrx_word' id='word_1_63' title='bbox 767 1753 778 1790; x_wconf 98' lang='lat'>,</span> <span class='ocrx_word' id='word_1_64' title='bbox 804 1695 990 1794; x_wconf 80' lang='lat' dir='ltr'>Lugduni</span> <span class='ocrx_word' id='word_1_65' title='bbox 1002 1695 1164 1776; x_wconf 78' lang='lat' dir='ltr'>Batavo-</span> 
     </span>
     <span class='ocr_line' id='line_1_12' title="bbox 150 1807 1161 1919; baseline -0.001 -26"><span class='ocrx_word' id='word_1_66' title='bbox 150 1847 238 1893; x_wconf 86' lang='lat' dir='ltr'>rum</span> <span class='ocrx_word' id='word_1_67' title='bbox 253 1845 312 1919; x_wconf 90' lang='lat' dir='ltr'>ap.</span> <span class='ocrx_word' id='word_1_68' title='bbox 332 1817 558 1893; x_wconf 89' lang='lat' dir='ltr'>Conradum</span> <span class='ocrx_word' id='word_1_69' title='bbox 574 1816 754 1892; x_wconf 87' lang='lat' dir='ltr'>Wisshof</span> <span class='ocrx_word' id='word_1_70' title='bbox 769 1819 862 1890; x_wconf 79' lang='lat'>1722</span> <span class='ocrx_word' id='word_1_71' title='bbox 886 1842 1043 1911; x_wconf 87' lang='lat' dir='ltr'>excusa,</span> <span class='ocrx_word' id='word_1_72' title='bbox 1071 1807 1161 1892; x_wconf 81' lang='lat' dir='ltr'>cum</span> 
     </span>
     <span class='ocr_line' id='line_1_13' title="bbox 151 1923 1162 2031; baseline -0.001 -17"><span class='ocrx_word' id='word_1_73' title='bbox 151 1923 325 2014; x_wconf 86' lang='lat' dir='ltr'>eiusdem</span> <span class='ocrx_word' id='word_1_74' title='bbox 354 1936 531 2013; x_wconf 85' lang='lat' dir='ltr'>versione</span> <span class='ocrx_word' id='word_1_75' title='bbox 559 1936 700 2031; x_wconf 89' lang='lat' dir='ltr'>latina,</span> <span class='ocrx_word' id='word_1_76' title='bbox 744 1935 891 2010; x_wconf 86' lang='lat' dir='ltr'>omissis</span> <span class='ocrx_word' id='word_1_77' title='bbox 922 1949 1070 2031; x_wconf 91' lang='lat' dir='ltr'>tamen,</span> <span class='ocrx_word' id='word_1_78' title='bbox 1110 1963 1162 2014; x_wconf 88' lang='lat' dir='ltr'>ne</span> 
     </span>
     <span class='ocr_line' id='line_1_14' title="bbox 151 2035 1161 2155; baseline -0.002 -23"><span class='ocrx_word' id='word_1_79' title='bbox 151 2060 274 2133; x_wconf 88' lang='lat' dir='ltr'>moles</span> <span class='ocrx_word' id='word_1_80' title='bbox 293 2055 386 2130; x_wconf 90' lang='lat' dir='ltr'>libri</span> <span class='ocrx_word' id='word_1_81' title='bbox 408 2055 524 2132; x_wconf 84' lang='lat' dir='ltr'>nimis</span> <span class='ocrx_word' id='word_1_82' title='bbox 545 2035 772 2155; x_wconf 81' lang='lat' dir='ltr'>augeretur,</span> <span class='ocrx_word' id='word_1_83' title='bbox 799 2055 882 2130; x_wconf 89' lang='lat' dir='ltr'>aliis</span> <span class='ocrx_word' id='word_1_84' title='bbox 905 2079 1003 2154; x_wconf 88' lang='lat' dir='ltr'>quae</span> <span class='ocrx_word' id='word_1_85' title='bbox 1025 2057 1068 2132; x_wconf 90' lang='lat' dir='ltr'>in</span> <span class='ocrx_word' id='word_1_86' title='bbox 1088 2058 1161 2132; x_wconf 92' lang='lat' dir='ltr'>hac</span> 
     </span>
     <span class='ocr_line' id='line_1_15' title="bbox 151 2161 1162 2274; baseline -0.004 -20"><span class='ocrx_word' id='word_1_87' title='bbox 151 2177 322 2254; x_wconf 87' lang='lat' dir='ltr'>editione</span> <span class='ocrx_word' id='word_1_88' title='bbox 341 2178 543 2274; x_wconf 90' lang='lat' dir='ltr'>leguntur,</span> <span class='ocrx_word' id='word_1_89' title='bbox 569 2161 859 2273; x_wconf 79' lang='lat' dir='ltr'>quaestionibus</span> <span class='ocrx_word' id='word_1_90' title='bbox 886 2174 1162 2274; x_wconf 85' lang='lat' dir='ltr'>philosophicis</span> 
     </span>
     <span class='ocr_line' id='line_1_16' title="bbox 149 2293 1161 2396; baseline -0.003 -24"><span class='ocrx_word' id='word_1_91' title='bbox 149 2298 253 2373; x_wconf 86' lang='lat' dir='ltr'>inter</span> <span class='ocrx_word' id='word_1_92' title='bbox 280 2297 510 2394; x_wconf 80' lang='lat' dir='ltr'>Plethonem</span> <span class='ocrx_word' id='word_1_93' title='bbox 536 2306 573 2370; x_wconf 86' lang='lat' dir='ltr'>et</span> <span class='ocrx_word' id='word_1_94' title='bbox 599 2294 680 2370; x_wconf 86' lang='lat' dir='ltr'>eius</span> <span class='ocrx_word' id='word_1_95' title='bbox 717 2293 950 2396; x_wconf 88' lang='lat' dir='ltr'>discipulum</span> <span class='ocrx_word' id='word_1_96' title='bbox 974 2293 1161 2371; x_wconf 87' lang='lat' dir='ltr'>Bessario·</span> 
     </span>
     <span class='ocr_line' id='line_1_17' title="bbox 149 2416 425 2515; baseline -0.018 -22"><span class='ocrx_word' id='word_1_97' title='bbox 149 2443 242 2493; x_wconf 91' lang='lat' dir='ltr'>nem</span> <span class='ocrx_word' id='word_1_98' title='bbox 267 2416 425 2515; x_wconf 88' lang='lat' dir='ltr'>agitatis.</span> 
     </span>
    </p>

    <p class='ocr_par' dir='ltr' id='par_1_5' title="bbox 154 2535 1165 3112">
     <span class='ocr_line' id='line_1_18' title="bbox 216 2535 1163 2616; baseline 0.002 -6"><span class='ocrx_word' id='word_1_99' title='bbox 216 2536 280 2610; x_wconf 91' lang='lat' dir='ltr'>Ad</span> <span class='ocrx_word' id='word_1_100' title='bbox 304 2537 450 2610; x_wconf 83' lang='lat' dir='ltr'>calcem</span> <span class='ocrx_word' id='word_1_101' title='bbox 475 2536 598 2612; x_wconf 88' lang='lat' dir='ltr'>adieci</span> <span class='ocrx_word' id='word_1_102' title='bbox 623 2561 713 2610; x_wconf 90' lang='lat' dir='ltr'>curn</span> <span class='ocrx_word' id='word_1_103' title='bbox 726 2535 962 2616; x_wconf 89' lang='lat' dir='ltr'>Varietatem</span> <span class='ocrx_word' id='word_1_104' title='bbox 985 2535 1163 2614; x_wconf 79' lang='lat' dir='ltr'>lectionis</span> 
     </span>
     <span class='ocr_line' id='line_1_19' title="bbox 154 2651 1164 2732; baseline -0.002 0"><span class='ocrx_word' id='word_1_105' title='bbox 154 2655 415 2732; x_wconf 88' lang='lat' dir='ltr'>eCodicibus</span> <span class='ocrx_word' id='word_1_106' title='bbox 449 2655 577 2730; x_wconf 88' lang='lat' dir='ltr'>Msstis</span> <span class='ocrx_word' id='word_1_107' title='bbox 612 2668 650 2731; x_wconf 90' lang='lat' dir='ltr'>et</span> <span class='ocrx_word' id='word_1_108' title='bbox 681 2653 916 2730; x_wconf 82' lang='lat' dir='ltr'>editionibus</span> <span class='ocrx_word' id='word_1_109' title='bbox 950 2651 1164 2730; x_wconf 83' lang='lat' dir='ltr'>Alexandri</span> 
     </span>
     <span class='ocr_line' id='line_1_20' title="bbox 155 2773 1164 2876; baseline -0.002 -25"><span class='ocrx_word' id='word_1_110' title='bbox 155 2777 319 2853; x_wconf 84' lang='lat' dir='ltr'>maxima</span> <span class='ocrx_word' id='word_1_111' title='bbox 345 2803 420 2876; x_wconf 88' lang='lat' dir='ltr'>qua</span> <span class='ocrx_word' id='word_1_112' title='bbox 444 2775 555 2875; x_wconf 92' lang='lat' dir='ltr'>potui</span> <span class='ocrx_word' id='word_1_113' title='bbox 580 2773 776 2871; x_wconf 87' lang='lat' dir='ltr'>diligentia</span> <span class='ocrx_word' id='word_1_114' title='bbox 802 2783 1041 2874; x_wconf 83' lang='lat' dir='ltr'>excerptam,</span> <span class='ocrx_word' id='word_1_115' title='bbox 1080 2786 1164 2849; x_wconf 90' lang='lat' dir='ltr'>tum</span> 
     </span>
     <span class='ocr_line' id='line_1_21' title="bbox 154 2893 1165 2995; baseline -0.002 -22"><span class='ocrx_word' id='word_1_116' title='bbox 154 2909 263 2992; x_wconf 80' lang='lat' dir='ltr'>notas</span> <span class='ocrx_word' id='word_1_117' title='bbox 288 2897 424 2973; x_wconf 82' lang='lat' dir='ltr'>breves</span> <span class='ocrx_word' id='word_1_118' title='bbox 449 2895 491 2969; x_wconf 90' lang='lat' dir='ltr'>in</span> <span class='ocrx_word' id='word_1_119' title='bbox 516 2893 645 2970; x_wconf 90' lang='lat' dir='ltr'>omnia</span> <span class='ocrx_word' id='word_1_120' title='bbox 663 2896 848 2995; x_wconf 91' lang='lat' dir='ltr'>opuscula</span> <span class='ocrx_word' id='word_1_121' title='bbox 864 2894 936 2967; x_wconf 90' lang='lat' dir='ltr'>hac</span> <span class='ocrx_word' id='word_1_122' title='bbox 955 2893 1165 2971; x_wconf 74' lang='lat' dir='ltr'>collatione</span> 
     </span>
     <span class='ocr_line' id='line_1_22' title="bbox 155 3011 981 3112; baseline -0.006 -21"><span class='ocrx_word' id='word_1_123' title='bbox 155 3028 335 3093; x_wconf 86' lang='lat' dir='ltr'>contenta</span> <span class='ocrx_word' id='word_1_124' title='bbox 361 3013 546 3090; x_wconf 87' lang='lat' dir='ltr'>Criticam</span> <span class='ocrx_word' id='word_1_125' title='bbox 570 3011 981 3112; x_wconf 84' lang='lat' dir='ltr'>maxime‘spectantes.</span> 
     </span>
    </p>

    <p class='ocr_par' dir='ltr' id='par_1_6' title="bbox 229 3131 1164 3234">
     <span class='ocr_line' id='line_1_23' title="bbox 229 3131 1164 3234; baseline 0 -22"><span class='ocrx_word' id='word_1_126' title='bbox 229 3137 425 3212; x_wconf 88' lang='lat' dir='ltr'>Postrema</span> <span class='ocrx_word' id='word_1_127' title='bbox 449 3133 658 3234; x_wconf 88' lang='lat' dir='ltr'>gratissima</span> <span class='ocrx_word' id='word_1_128' title='bbox 685 3131 805 3206; x_wconf 89' lang='lat' dir='ltr'>animi</span> <span class='ocrx_word' id='word_1_129' title='bbox 837 3157 953 3218; x_wconf 62' lang='lat' dir='ltr'>sensa,</span> <span class='ocrx_word' id='word_1_130' title='bbox 970 3133 1164 3212; x_wconf 87' lang='lat' dir='ltr'>testificari</span> 
     </span>
    </p>
   </div>
   <div class='ocr_carea' id='block_1_5' title="bbox 154 3250 1255 4074">
    <p class='ocr_par' dir='ltr' id='par_1_7' title="bbox 154 3250 1188 3472">
     <span class='ocr_line' id='line_1_24' title="bbox 154 3250 1163 3357; baseline 0 -26"><span class='ocrx_word' id='word_1_131' title='bbox 154 3258 270 3332; x_wconf 89' lang='lat' dir='ltr'>liceat</span> <span class='ocrx_word' id='word_1_132' title='bbox 286 3254 450 3357; x_wconf 88' lang='lat' dir='ltr'>patrueli</span> <span class='ocrx_word' id='word_1_133' title='bbox 467 3279 554 3329; x_wconf 91' lang='lat' dir='ltr'>meo</span> <span class='ocrx_word' id='word_1_134' title='bbox 581 3250 774 3326; x_wconf 90' lang='lat' dir='ltr'>carissimo</span> <span class='ocrx_word' id='word_1_135' title='bbox 802 3251 969 3353; x_wconf 89' lang='lat' dir='ltr'>Casparo</span> <span class='ocrx_word' id='word_1_136' title='bbox 989 3254 1163 3352; x_wconf 89' lang='lat' dir='ltr'>Orellio,</span> 
     </span>
     <span class='ocr_line' id='line_1_25' title="bbox 157 3371 1188 3472; baseline -0.001 -21"><span class='ocrx_word' id='word_1_137' title='bbox 157 3376 364 3452; x_wconf 91' lang='lat' dir='ltr'>Professori</span> <span class='ocrx_word' id='word_1_138' title='bbox 395 3373 650 3472; x_wconf 88' lang='lat' dir='ltr'>Eloquentiae</span> <span class='ocrx_word' id='word_1_139' title='bbox 683 3379 721 3446; x_wconf 89' lang='lat' dir='ltr'>et</span> <span class='ocrx_word' id='word_1_140' title='bbox 754 3371 1071 3449; x_wconf 88' lang='lat' dir='ltr'>Hermeneutices</span> <span class='ocrx_word' id='word_1_141' title='bbox 1109 3403 1188 3450; x_wconf 43' lang='lat' dir='ltr'>san</span> 
     </span>
    </p>

    <p class='ocr_par' dir='ltr' id='par_1_8' title="bbox 155 3490 1255 4074">
     <span class='ocr_line' id='line_1_26' title="bbox 157 3490 1255 3596; baseline 0.001 -25"><span class='ocrx_word' id='word_1_142' title='bbox 157 3521 244 3573; x_wconf 88' lang='lat' dir='ltr'>crac</span> <span class='ocrx_word' id='word_1_143' title='bbox 269 3497 311 3572; x_wconf 93' lang='lat' dir='ltr'>in</span> <span class='ocrx_word' id='word_1_144' title='bbox 338 3491 546 3596; x_wconf 89' lang='lat' dir='ltr'>Gymnasio</span> <span class='ocrx_word' id='word_1_145' title='bbox 571 3490 772 3568; x_wconf 88' lang='lat' dir='ltr'>Turicensi</span> <span class='ocrx_word' id='word_1_146' title='bbox 796 3491 1059 3567; x_wconf 88' lang='lat' dir='ltr'>meritissimo:</span> <span class='ocrx_word' id='word_1_147' title='bbox 1096 3495 1166 3596; x_wconf 92' lang='lat' dir='ltr'>qui</span> <span class='ocrx_word' id='word_1_148' title='bbox 1254 3570 1255 3576; x_wconf 72' lang='grc'>,</span> 
     </span>
     <span class='ocr_line' id='line_1_27' title="bbox 156 3613 1165 3695; baseline -0.004 -1"><span class='ocrx_word' id='word_1_149' title='bbox 156 3644 241 3695; x_wconf 90' lang='lat' dir='ltr'>non</span> <span class='ocrx_word' id='word_1_150' title='bbox 272 3618 399 3691; x_wconf 91' lang='lat' dir='ltr'>solum</span> <span class='ocrx_word' id='word_1_151' title='bbox 437 3613 611 3688; x_wconf 87' lang='lat' dir='ltr'>laborem</span> <span class='ocrx_word' id='word_1_152' title='bbox 645 3622 768 3686; x_wconf 88' lang='lat' dir='ltr'>textus</span> <span class='ocrx_word' id='word_1_153' title='bbox 803 3613 1034 3688; x_wconf 89' lang='lat' dir='ltr'>emendandi</span> <span class='ocrx_word' id='word_1_154' title='bbox 1073 3627 1111 3690; x_wconf 91' lang='lat' dir='ltr'>et</span> <span class='ocrx_word' id='word_1_155' title='bbox 1141 3643 1165 3690; x_wconf 85' lang='lat' dir='ltr'>a</span> 
     </span>
     <span class='ocr_line' id='line_1_28' title="bbox 155 3732 1209 3836; baseline -0.005 -24"><span class='ocrx_word' id='word_1_156' title='bbox 155 3735 260 3814; x_wconf 88' lang='lat' dir='ltr'>vitiis</span> <span class='ocrx_word' id='word_1_157' title='bbox 285 3732 566 3836; x_wconf 86' lang='lat' dir='ltr'>typographicis</span> <span class='ocrx_word' id='word_1_158' title='bbox 591 3732 821 3832; x_wconf 88' lang='lat' dir='ltr'>repurgandi</span> <span class='ocrx_word' id='word_1_159' title='bbox 836 3757 987 3808; x_wconf 87' lang='lat' dir='ltr'>mecum</span> <span class='ocrx_word' id='word_1_160' title='bbox 1004 3733 1165 3834; x_wconf 88' lang='lat' dir='ltr'>partitus</span> <span class='ocrx_word' id='word_1_161' title='bbox 1207 3785 1209 3792; x_wconf 89' lang='lat'>·</span> 
     </span>
     <span class='ocr_line' id='line_1_29' title="bbox 158 3851 1165 3953; baseline -0.003 -22"><span class='ocrx_word' id='word_1_162' title='bbox 158 3869 214 3931; x_wconf 92' lang='lat' dir='ltr'>est</span> <span class='ocrx_word' id='word_1_163' title='bbox 232 3854 529 3953; x_wconf 87' lang='lat' dir='ltr'>diligentissime,</span> <span class='ocrx_word' id='word_1_164' title='bbox 556 3852 621 3928; x_wconf 89' lang='lat' dir='ltr'>sed</span> <span class='ocrx_word' id='word_1_165' title='bbox 639 3851 752 3928; x_wconf 90' lang='lat' dir='ltr'>etiam</span> <span class='ocrx_word' id='word_1_166' title='bbox 770 3851 1165 3930; x_wconf 84' lang='lat' dir='ltr'>animadversionibus</span> 
     </span>
     <span class='ocr_line' id='line_1_30' title="bbox 156 3971 1162 4074; baseline -0.004 -23"><span class='ocrx_word' id='word_1_167' title='bbox 156 3975 235 4052; x_wconf 87' lang='lat' dir='ltr'>suis</span> <span class='ocrx_word' id='word_1_168' title='bbox 255 3975 427 4056; x_wconf 87' lang='lat' dir='ltr'>doctrina</span> <span class='ocrx_word' id='word_1_169' title='bbox 455 3987 493 4051; x_wconf 86' lang='lat' dir='ltr'>et</span> <span class='ocrx_word' id='word_1_170' title='bbox 519 3971 696 4052; x_wconf 89' lang='lat' dir='ltr'>acumine</span> <span class='ocrx_word' id='word_1_171' title='bbox 725 3971 865 4074; x_wconf 90' lang='lat' dir='ltr'>quibus</span> <span class='ocrx_word' id='word_1_172' title='bbox 881 3971 1002 4074; x_wconf 86' lang='lat' dir='ltr'>pollet</span> <span class='ocrx_word' id='word_1_173' title='bbox 1027 3971 1162 4070; x_wconf 70' lang='lat' dir='ltr'>dignis«</span> 
     </span>
    </p>
   </div>
   <div class='ocr_carea' id='block_1_6' title="bbox 0 0 1406 4762">
    <p class='ocr_par' dir='ltr' id='par_1_9' title="bbox 0 0 1406 4762">
     <span class='ocr_line' id='line_1_31' title="bbox 0 0 1406 4762; baseline 0 0"><span class='ocrx_word' id='word_1_174' title='bbox 0 0 1406 4762; x_wconf 95' lang='lat' dir='ltr'> </span> 
     </span>
    </p>
   </div>
  </div>
 </body>
</html>
