2758 4760
159 387 309 482 Ιτοι

243 557 403 674 γούμενον
430 581 472 665 ⁶).
515 583 575 652 Διὸ
603 587 636 652 ἐν
669 588 742 662 ταῖς
771 582 860 682 καθ’Ι
888 582 992 676 ὁρμὴν
1021 587 1194 678 ἐνεργείαις
1215 584 1254 654 τό

247 685 296 782 ἐφ’
319 684 417 775 ἡμῖν,
439 683 478 754 οῦ
499 685 563 774 μὴν
584 685 643 758 διά
665 689 763 755 τοῦτο
783 690 879 756 πάσα
891 685 974 758 καθ’
991 685 1096 780 όρμην
1114 691 1257 780 ἐνέργεια
1354 718 1360 726 ·

121 862 135 890 0
178 807 183 818 '
246 796 399 880 γινομένη
422 788 460 858 τὸ
482 787 535 883 ἐφ’.
555 786 633 878 ἡμῖν
654 791 728 882 ἔχει.

746 1006 789 1082 ὤ

311 1318 390 1397 Πώς
411 1312 440 1385 δ’
464 1313 524 1385 οῦκ
537 1309 745 1403 ἀγνοούντων
758 1313 802 1383 τά
812 1312 868 1408 ὑφ’
885 1313 994 1386 άυτιῦν
1004 1312 1160 1406 γινόμενα
1175 1320 1202 1399 ²)
1216 1315 1256 1386 τὸ

250 1422 290 1516 τῇ
321 1418 470 1514 άληθείφ
502 1423 566 1487 τῶν
596 1423 790 1506 γινομένων,
830 1416 872 1501 ἣν
902 1418 1079 1508 ἀναιροῦσι
1110 1417 1168 1488 διά
1199 1413 1259 1488 τοῦ

250 1520 475 1613 δόγματος,’
454 1549 538 1618 αυτη
522 1525 783 1614 κεχρῆσθαιι
800 1527 832 1606 ιι)
864 1521 949 1616 πρὸς
965 1521 1172 1606 κατασκευὴν
1199 1525 1260 1591 τοῦ

252 1625 468 1720 ἀναιροῦντος
495 1624 598 1709 άντὴν
630 1625 661 1710 ²)
694 1623 891 1746 ὃόγματοςς
922 1624 1095 1714 Λαβόντες
1126 1625 1192 1754 γὰρ
1220 1623 1284 1710 τόΙ

248 1737 388 1801 ἕκαστον
413 1733 477 1799 τών
498 1726 706 1798 συνεστώτων
727 1726 827 1824 φύσει
851 1715 977 1799 μάθ’τ
961 1734 1158 1822 ειμαρμὲνην
1176 1733 1262 1798 ε’ῐναι

250 1838 424 1916 τοιοῦτον,
447 1829 562 1902 ὁποῖόν
587 1837 673 1915 ἐστι,
698 1829 741 1912 ώς
761 1831 885 1902 τάντοῦ
904 1830 1000 1912 ὄντος
1021 1835 1081 1901 τοῦ
1103 1857 1138 1901 τε
1159 1829 1260 1954 φύσει

247 1945 303 2006 καὶ
335 1940 396 2006 τοῦ
426 1934 509 2006 καθ
535 1939 753 2027 ἑιμαρμένην,
787 1940 1012 2028 προςτιθὲασι
1046 1933 1106 2019 τό,
1143 1933 1262 2006 οῦκοῦν

247 2039 336 2110 κατά
360 2040 419 2126 τὴν
439 2045 635 2134 ἑιμαρμένην
656 2045 713 2108 καὶ
739 2036 947 2122 άισθὴσεται
968 2037 1012 2107 τά
1030 2041 1097 2136 ζῷα
1122 2047 1180 2108 καὶ
1204 2037 1261 2131 ὁρ-

247 2141 356 2238 μήσει.
412 2149 484 2214 Καὶ
515 2143 558 2214 τά
590 2152 651 2233 μὲν
676 2146 741 2212 τών
772 2138 861 2226 ζώων
888 2139 1051 2236 ἐνεργήσει
1078 2137 1181 2232 μόνον
1209 2145 1260 2226 ³),

249 2247 293 2317 τά
321 2253 357 2318 δὲ
387 2246 503 2339 πράξει
529 2246 573 2315 τά
605 2245 739 2334 λογικά,
776 2253 833 2314 καὶ
857 2245 901 2314 τά
931 2255 991 2335 μὲν
1015 2242 1273 2340 άμαρτησεται,
1338 2233 1341 2247 “

251 2351 296 2421 τά
322 2357 358 2421 δὲ
387 2347 610 2445 κατορθώσει.
669 2352 784 2418 Ταῦτα
805 2349 870 2442 γάρ
892 2347 1023 2429 τούτοις
1047 2341 1264 2442 κατὰφύσιν

251 2461 321 2544 μέν.
355 2452 481 2525 Ὄντων
503 2458 538 2522 δὲ
560 2461 618 2522 καὶ
638 2449 885 2546 ἁμαρτημάτων
902 2457 958 2522 καὶ
976 2449 1262 2542 κατορθωμάτων,
1296 2465 1301 2474 ’

249 2567 305 2628 καὶ
316 2560 379 2628 τών
390 2555 551 2627 τοιούτων
565 2554 695 2652 φύσεων
709 2565 765 2625 καὶ
775 2553 960 2640 ποιοτήτων
971 2554 1016 2645 μὴ
1032 2553 1261 2644 ἀγνοουμένων

248 2670 305 2731 καὶ
324 2663 454 2730 ἔπαινοι
473 2669 534 2749 μὲν
551 2668 608 2730 καὶ
627 2657 754 2756 ψόγοι,
776 2667 834 2729 καὶ
853 2665 948 2749 τιμαὶ
964 2666 1021 2728 καὶ
1041 2655 1193 2752 κολάσεις
1215 2653 1261 2741 4)·

249 2768 357 2834 ταῦτα
394 2764 458 2856 γάρ
499 2761 603 2844 ῦύτως
638 2765 702 2854 ἔχει
731 2761 943 2843 ἀκολουθίας
951 2813 963 2820 -·
981 2789 1015 2830 τε
1053 2769 1109 2831 καὶ
1134 2758 1263 2845 τάξεως.

252 2867 299 2938 Οῦ
327 2867 392 2957 μὴν
424 2865 615 2936 άκολοοθεῐ
645 2869 693 2935 ἔτι
724 2869 832 2935 ταῦτα
865 2870 983 2936 τοῦτον
1013 2868 1174 2954 γίνεσθαι
1205 2864 1264 2933 τόν

250 2968 374 3066 τρόπον
395 2977 465 3051 τοῖς
486 2969 545 3055 τὴν
566 2968 720 3066 φύοιντο
741 2978 797 3038 καὶ
818 2969 862 3038 τά
881 2967 1037 3060 γινόμενα
1060 2965 1265 3064 κατὰφύσιν

252 3081 298 3155 ἐις
322 3074 382 3158 τὴν
403 3078 599 3168 ἑιμαρμένην
627 3101 662 3144 τε
691 3081 747 3142 καὶ
774 3072 834 3157 την
861 3070 1007 3161 ἀνάγκην
1027 3065 1264 3167 μεταφέρουσι.

253 3177 355 3247 Κατά
370 3175 473 3274 φύσιν
493 3188 553 3268 μὲν
570 3176 635 3272 γάρ
661 3184 732 3258 τοῦς
752 3184 948 3269 πρακτικοῖς
971 3203 1006 3244 τε
1034 3183 1090 3244 καὶ
1118 3181 1264 3264 λογικοῖς

249 3280 345 3365 ζώοις
372 3279 413 3349 τό
440 3288 499 3349 καὶ
526 3278 730 3404 ἁμαρτάνειν
761 3287 817 3348 καὶ
845 3275 1041 3374 κατορθλιῦν
1072 3275 1264 3363 δύνασθαι,

250 3390 296 3479 τῷ
328 3383 558 3508 μηδέτερον’
538 3387 662 3454 αυτῦν
678 3390 784 3453 ποιεῖν
815 3387 1141 3510 κατηναγκασμένως.
1192 3385 1263 3451 Καὶ

252 3486 337 3557 τοῦτ’
362 3487 529 3612 άληθὲς’
513 3512 584 3557 εστι
605 3493 662 3555 καὶ
679 3489 798 3556 τοῦτον
819 3489 882 3578 ἔχει
903 3485 961 3556 τὸν
978 3482 1118 3606 τρόπον,
1139 3482 1180 3554 ού
1203 3491 1264 3573 μέν

250 3619 304 3661 τοι
324 3619 378 3680 γε,
415 3585 467 3661 ότι
491 3589 602 3660 πάντα
629 3586 713 3675 ⁵)‘'
689 3619 713 3657 α
736 3593 893 3681 ποιοῦμεν
931 3581 1019 3673 εξ
998 3584 1143 3677 ενάγκης
1173 3587 1262 3677 ἡμᾶς

249 3701 355 3765 ποιεῖν
383 3701 556 3783 λέγουσιν,
588 3694 701 3763 ἔπειτα
721 3693 800 3774 τοὺς
820 3703 881 3783 μεν
903 3695 1100 3782 κατορθοῦν
1121 3695 1185 3762 τῶν
1203 3698 1262 3760 λα

252 3802 352 3887 γικῶς
374 3794 608 3892 ἐνεργούντων,
644 3797 723 3878 τοῦς
747 3803 783 3868 δὲ
813 3794 1032 3887 ἁμαρτάνειν,
1062 3792 1263 3883 ε’ξάνάγκης

253 3909 287 3973 δε
315 3899 426 3973 πάντα
457 3905 630 3992 ποιοῦμεν·
668 3899 750 3970 καθ’
785 3898 843 3980 όῦς
874 3897 1038 3968 άὸόνατον
1071 3906 1131 3986 μέν
1162 3901 1262 3968 τάνδε

251 4009 347 4080 τινών
360 4003 582 4100 περιεστώτων
599 4003 644 4094 μὴ
663 4002 822 4092 πράσσειν
842 4001 945 4092 ἡμᾶς,
967 3999 1054 4072 τάθ
1072 4004 1105 4086 ἐξ
1115 3997 1261 4090 ἀνάγκης
