2804 4762
247 371 288 434 26

154 589 159 627 5
244 533 550 630 ἀκριβολογεῖσθαι
574 539 648 623 περὶ
676 532 741 600 τῶν
760 535 1021 653 ιφοειρημὲνων,
1060 525 1174 598 ἱκανὸν
1192 525 1261 654 γὰρ

245 636 289 720 ὡς
308 638 392 762 πρύς
409 635 452 706 τά
468 637 665 728 προκείμενα
682 660 722 701 το
709 631 860 716 δεῖξαι,
882 622 976 725 ἐφ’
941 657 995 702 ων
1014 635 1262 721 σημαινομένων

244 741 287 812 τά
309 739 462 831 ὀνόματα
490 740 792 830 κατηγορεῖται)
748 737 792 818 ¹⁰)
821 732 863 804 τά
887 737 1051 828 ἀρημένα.
1085 732 1212 804 Ὄντων
1225 731 1291 804 δέ’

244 848 310 914 τῶν
334 841 401 912 ἀπὸ
423 839 523 932 τύχης
542 868 577 910 τε
601 849 658 910 καὶ
678 835 874 928 ἀυτομάτως
893 842 1071 927 γινομένων
1086 835 1262 920 τοιούτων,

244 945 288 1028 ὡς
301 945 347 1036 μὴ
362 947 522 1035 γίνεσθαι
537 941 625 1013 κατὰ
635 946 883 1037 προηγουμένην
897 939 1007 1010 ἀντίαν
1018 940 1166 1034 (τῶνγὰρ
1178 965 1264 1014 σπα·

243 1052 320 1130 νίως
337 1053 388 1118 ἐπὶ
409 1055 479 1128 τοῖς
505 1045 571 1141 πρὸ
590 1043 702 1168 66166
715 1040 888 1134 γεγονόσιν
908 1040 1128 1114 ἀπαντώντων
1141 1046 1200 1129 ¹¹),
1221 1039 1262 1112 τό

244 1179 278 1222 τε
293 1149 383 1236 ¹²)'
364 1148 557 1240 αυτόματον
577 1157 634 1220 και
655 1177 676 1232 η
705 1145 800 1240 τύχη)
825 1149 894 1228 πῶς
923 1145 965 1218 ἀν
985 1143 1122 1231 σύζοιτύ
1143 1175 1176 1218 τι
1198 1149 1264 1218 τῶν

243 1259 506 1349 προειρημένων,
535 1247 660 1324 καθ’
642 1251 702 1332 ούς
726 1247 838 1320 πάντα
863 1256 1147 1344 προηγησαμένοις
1178 1257 1265 1322 τιον

196 1387 199 1394 ’
245 1355 385 1440 ἀιτλοις,
414 1364 471 1426 καὶ
491 1359 751 1479 προηγουμένοις
768 1350 843 1435 ἐξ
822 1349 967 1440 ανύγκης
985 1355 1056 1424 ἔστι
1072 1381 1107 1424 τε
1121 1351 1164 1422 τύι
1182 1352 1265 1424 ὄντα

244 1487 302 1530 και
319 1459 362 1528 τὰ
379 1456 535 1549 γινόμενα
556 1461 697 1546 γίνεται,
729 1452 875 1534 ἑκάστου
890 1457 954 1524 τῶν
967 1461 1144 1546 γινομένων
1158 1454 1266 1526 ἀέτιύν

246 1592 280 1633 τι
296 1560 796 1655 προκαταβεβλημὲνονέχοντος
810 1558 873 1639 ¹³),
895 1536 944 1626 66
947 1555 1042 1638 ὄντος
1056 1553 1266 1648 ἢγεγονύτος

245 1662 372 1754 ἀνάγκη
389 1672 446 1733 καὶ
461 1661 545 1733 ἀυτὸ
561 1661 582 1747 6
600 1666 685 1733 έῐναι
698 1691 718 1746 η
703 1659 921 1751 ’“γι’νεσθαι,
934 1659 1015 1741 τούς
1028 1665 1130 1749 μηδὲν
1147 1660 1191 1747 ¹⁴)
1205 1673 1266 1755 μέν

246 1765 412 1888 σύζοντας
428 1793 493 1835 των
509 1769 768 1866 προειρημένων,
789 1789 854 1834 κατ
849 1761 981 1834 ’ἀλλον
997 1769 1034 1834 δέ
1050 1789 1140 1846 τινος
1154 1765 1193 1836 τὸ
1207 1769 1267 1854 τῆς

151 1872 154 1878 ’
245 1866 345 1959 τύχης
355 1864 676 1957 νομοθετήσαντες”
657 1893 782 1989 ονομας
803 1866 843 1936 τὸ
854 1865 925 1959 γάρ
934 1865 1028 1950 ¹⁵)
988 1896 1033 1956 μη
1046 1865 1266 1958 ἀναιρεῖσθαι

246 1975 352 2042 ἐκεῖνα
366 1967 443 2054 26)
426 1968 490 2040 υπὸ
505 1973 565 2040 τού
575 1966 685 2039 πάντα
697 1967 776 2052 ἑξ’
746 1966 891 2059 ανάγκης
903 1972 1063 2059 γίνεσθαι
1074 1977 1263 2062 τιθεμένου,

245 2079 328 2166 μηδὲ
343 2072 403 2158 τὴν
416 2069 516 2162 τύχην
529 2080 586 2142 καὶ
600 2069 821 2166 ἀναιρεῖσθαι
834 2070 878 2155 ¹⁷)
896 2077 1016 2161 λέγειν,
1038 2079 1264 2166 σοφιζομένων

247 2181 335 2259 ἐστὶν
359 2173 480 2267 ὁμοίως
503 2171 625 2256 ἀστούς
648 2201 682 2243 τε
696 2181 753 2243 καὶ
775 2173 854 2256 τούς
871 2172 1056 2256 ἀκούοντας
1075 2178 1119 2260 ¹⁸)
1147 2175 1265 2249 ἀυτῶν.

243 2275 347 2349 ’θύτω
357 2288 417 2366 μέν
427 2277 492 2371 γὰρ
508 2276 604 2348 ούδλν
615 2275 755 2348 κωλύσει
765 2281 809 2362 ¹9)
820 2283 924 2366 λέγειν
934 2277 1058 2352 ταυτὸν
1068 2283 1265 2369 έιμαρμὲνην

247 2407 281 2452 τε
300 2385 385 2451 ἕῐναι
405 2389 460 2452 καὶ
481 2377 597 2471 τύχην,
629 2388 686 2450 καὶ
704 2384 866 2451 τοσοῦτον
890 2379 1025 2460 ἀποδεῖν
1049 2383 1098 2467 ²⁰)
1125 2387 1184 2454 τοῦ
1205 2382 1267 2470 τὴν

246 2482 347 2576 τύχην
360 2482 525 2578 ἀναιρεῖν,
535 2480 591 2564 ὡς
608 2491 664 2554 καὶ
678 2479 788 2555 πάντα
805 2483 849 2553 τά
868 2483 1025 2608 γινόμενα
1040 2487 1087 2570 ²¹)
1104 2489 1265 2575 γίνεσθαι

247 2585 392 2712 λέγειν’
372 2586 440 2657 απὸ
462 2583 570 2678 τύχης.
608 2583 698 2658 ’'Am.
717 2583 777 2655 ούκ
794 2589 846 2658 ἐπὶ
863 2591 910 2681 τῷ
923 2585 1082 2715 τύύνομα
1088 2587 1200 2674 σώζειν
1213 2592 1265 2676 ²²)

246 2690 289 2812 τύ
305 2694 363 2776 τῆς
386 2687 484 2782 τύχης
509 2694 596 2780 ε’ῖχον
613 2692 672 2776 τῆν
694 2687 823 2774 ἀιτίαν,
844 2658 953 2760 ἀλλ”
937 2699 989 2761 επὶ
1003 2694 1048 2787 τῶ
1062 2689 1209 2824 ἀναιρεῖν
1225 2694 1265 2764 τὸ

160 2777 168 2796 ⁸
247 2790 333 2866 ὁύτω
354 2795 511 2883 γίνεσθαί
529 2820 626 2877 τινα,
655 2783 699 2864 ὧν
719 2793 759 2864 τὸ
782 2791 849 2864 ἀπὸ
867 2790 965 2884 τύχης
986 2820 1021 2864 τε
1043 2804 1099 2868 καὶ
1117 2794 1266 2887 ἀυτόμα-

246 2923 306 2967 τον
318 2896 366 2982 ²³)
380 2899 547 3028 γίνεσθαι
555 2906 798 3020 κατηγορεῖται.
845 2899 886 2966 Τι’
908 2895 972 2990 γὰρ
994 2896 1078 2970 ἄλλο
1099 2904 1266 2985 ποιοῦσιν,

250 3006 285 3070 οἱ
305 3027 366 3084 την
379 2996 479 3090 τύχην
495 3007 552 3070 καὶ
562 2997 600 3073 τὸ
611 2996 802 3125 ἀυτὸματον
817 2990 1036 3093 ὅριζόμενοᾘ
1015 3005 1127 3074 αιτίαν
1143 3001 1268 3087 ἄδηλον

184 3143 188 3154 -
247 3101 450 3200 ἀνθρωπίνω
480 3103 695 3198 λογισμῷ,’
680 3133 702 3187 η
731 3100 830 3194 τύχης
854 3110 886 3170 τὶ
915 3100 1157 3195 σημαινόμενον
1182 3101 1294 3228 ὶδιον’

247 3203 462 3296 έισάγουσὶ
439 3232 474 3276 τι
494 3233 550 3276 και
538 3208 810 3296 νομοθετοῦσα
846 3204 886 3275 τὸ
907 3204 976 3301 γὰρ
995 3209 1041 3290 εἰς
1064 3207 1132 3292 τὴν
1145 3205 1266 3282 τούτου

247 3307 408 3380 σύστασιν
427 3305 628 3434 χρησασθαι
642 3309 688 3404 τῷ
704 3314 808 3397 λέγειν
825 3307 919 3390 τινάς
933 3305 1128 3400 ἀυτομύτως
1140 3318 1268 3398 νοσεῖν,

184 3455 186 3462 1
247 3405 330 3484 ὅταν
342 3401 542 3536 6666036'
522 3408 671 3496 αυτοῖςὴ
693 3409 785 3480 ἀιτὶα
805 3415 865 3497 τῆς
881 3409 1004 3496 νόσου,
1033 3417 1169 3540 ιγεύδος.
1207 3412 1267 3488 Ov

247 3513 311 3610 γάρ
330 3544 374 3597 ως
385 3541 486 3600 ουσης
495 3543 554 3606 μεν
564 3541 655 3594 τινος
672 3511 815 3600 ἀιτύας,
823 3512 949 3600 ἀδηλον
968 3513 1047 3586 δὲ’
1027 3525 1158 3602 αυτοῖς,
1180 3515 1268 3592 ὁύτω

247 3622 418 3748 λέγουσιν,
440 3615 542 3705 ἀλλ”
527 3614 575 3714 ἀμ’
590 3607 644 3690 ὦν
649 3615 811 3708 ἀναιτίως
825 3624 995 3708 γεγονέναι
1013 3618 1227 3700 πείθουσιν“
1207 3650 1269 3700 αυ-

246 3721 344 3805 τούς,
366 3726 418 3792 ἐπὶ
432 3719 558 3807 τούτων
577 3721 616 3790 τὸ
635 3717 827 3811 ἀντύματον
849 3726 1101 3846 κατηγοροῦσιν,
1138 3721 1198 3797 ’ου
1216 3729 1272 3798 δεῖ

247 3824 311 3920 γὰρ
330 3815 446 3909 ²6²³
397 3853 439 3921 εφ
466 3823 505 3894 ὁυ
490 3827 659 3912 ζητούσηΙ
678 3822 740 3908 τὴν
765 3819 938 3933 ιλιτιαν,
915 3853 959 3917 ως
976 3822 1094 3912 ὄύσης,
1116 3824 1266 3954 ἀυτομα

232 3955 311 4010 τως
329 3925 411 4000 ἀυτὸ
425 3932 592 4018 γεγονέναι
603 3932 726 4016 λέγειν,
740 3907 819 4000 ἀλλ
843 3923 954 4002 666⁰
933 3958 952 4016 ο
971 3932 1019 4012 ²⁵)
1032 3933 1204 4005 πέπεισταί
1216 3958 1268 4013 τις
