2728 4758
1083 353 1143 460 itt
1247 480 1248 489 Ν

1 636 2 639 ,
143 584 176 636 et
200 574 239 636 de
258 573 319 636 hec
343 566 540 638 manifestum
569 580 619 635 est
642 569 813 636 Platonem·
839 567 956 653 ubique
986 567 1139 642 clamare,
1187 641 1188 646 ἵ

1 651 2 716 i
143 675 410 754 etcoutendere‚
448 675 535 760 qnod
555 695 648 738 nemo
674 671 855 738 voltuitanio
876 673 974 736 malus
998 671 1055 747 sit,
1086 673 1143 738 sed
1196 657 1198 666 ’

142 776 216 840 mali
240 777 330 841 inviti
349 778 421 842 mali
445 778 544 854 liant,
579 778 652 840 dum
671 770 817 859 peccent:
876 775 910 838 Si
930 795 1011 840 vero
1032 772 1138 850 inviti,

141 901 217 945 saue
234 881 325 945 etiam
344 903 414 944 cum
440 883 572 965 quatiam
587 880 783 944 necessitate.
827 878 911 942 Illud
933 877 1057 942 iuterim
1075 897 1141 941 uon
1230 899 1231 902 ¹

140 996 173 1048 te
194 983 305 1060 lateat,
330 983 416 1068 quand
438 984 553 1049 multos
576 982 684 1067 quiid
707 983 856 1068 ignorant
880 983 1047 1046 admodum
1072 992 1140 1042 tun-

142 1089 215 1163 bat,
253 1089 340 1171 quod
375 1108 439 1153 uuo
471 1088 567 1151 modo
597 1086 767 1149 necessitas
792 1085 932 1161 dicatum,
971 1086 1148 1162 secundum¹

142 1211 235 1275 quam
258 1211 349 1254 omne
372 1191 459 1274 quod
478 1189 570 1256 aliter
591 1186 779 1272 contingere
799 1209 863 1254 uon
883 1197 1008 1272 potest,
1032 1207 1141 1250 neces·

138 1293 257 1356 sarium
282 1293 421 1357 dicatur:
459 1293 521 1359 alio
554 1306 657 1357 autem
683 1293 779 1356 modo
812 1289 979 1355 necessitas
1008 1289 1141 1373 proprie
1174 1321 1177 1336 »
1259 1286 1264 1302 ’

106 1393 109 1401 “
141 1395 263 1464 dicatur
284 1397 428 1475 coactio,
459 1418 524 1482 quo
551 1409 583 1462 et
603 1397 698 1464 Plato
719 1396 779 1465 hac
799 1415 879 1460 voce
903 1393 1020 1472 utitur,
1051 1393 1140 1458 utin

140 1499 294 1583 Cratylo:
333 1502 522 1582 „Quodnam
545 1501 704 1566 vinculum
729 1499 852 1564 animali
885 1499 996 1582 cuique
1024 1497 1139 1563 sortitas

140 1616 213 1679 ,est
234 1607 272 1668 ad
286 1609 477 1693 ¹manendum
502 1626 692 1690 quocunque
719 1604 874 1680 inloco,
913 1603 1079 1667 necessitas
1102 1625 1141 1667 au

36 1695 41 1715 ⁴
130 1708 376 1782 ·„dcsiderium?
422 1711 583 1787 Multum,
620 1708 737 1793 inquit,
777 1729 797 1772 ο
828 1709 976 1772 Socrates
1001 1717 1141 1790 praestat

140 1812 386 1888 „desiderium”
430 1814 494 1881 Hic
508 1812 724 1878 necessitatem
739 1811 870 1894 proprie
887 1823 981 1875 vocat
998 1809 1141 1875 coactio·

139 1937 230 1992 uem,
254 1937 356 2000 neque
380 1928 481 1979 tamen
503 1916 689 1981 desiderium
712 1926 806 2000 negat
828 1935 896 1978 esse
916 1913 1139 1989 necessarium,

93 2021 95 2034 '
140 2021 196 2082 sed
215 2018 323 2082 deinde
346 2019 437 2082 etiam
455 2019 613 2082 vinculum
632 2019 705 2083 dicit
729 2041 796 2082 esse
815 2018 998 2080 necessitate
1012 2016 1141 2082 fortius.

140 2123 225 2186 Nam
256 2123 419 2206 quomodo
447 2121 488 2185 sit
514 2122 680 2206 quicquam
701 2145 764 2187 non
793 2120 1003 2184 necessarium
1024 2119 1143 2184 fortius

140 2226 342 2303 necessitate,
368 2226 435 2302 cui,
465 2237 501 2288 ut
516 2225 623 2302 aiunt,
653 2248 692 2288 ne
713 2215 801 2289 Deus
821 2225 946 2310 quidem
963 2221 1143 2307 repugnat?

142 2329 349 2396 Manifestum
379 2351 453 2393 sane
485 2342 533 2392 est
559 2329 592 2393 id
613 2333 699 2414 qnod
720 2330 905 2394 necessitate
931 2341 978 2392 est
1004 2328 1138 2404 fortius,

141 2435 242 2498 multo
273 2433 371 2519 magis
402 2445 433 2498 et
456 2431 558 2515 ipsum
583 2435 697 2496 debere
725 2454 793 2497 esse
819 2432 1040 2496 necessarium.
1086 2431 1140 2495 Ab

139 2537 202 2603 hae
222 2536 320 2623 igitur
350 2536 489 2602 violenta
517 2536 701 2602 necessitate
733 2537 805 2600 dum
839 2537 968 2619 cupiunt
1001 2535 1143 2601 nonnulli

141 2641 278 2704 liberare
299 2641 450 2718 animam,
482 2653 599 2706 exuunt
621 2641 704 2704 illam
724 2640 816 2704 simui
833 2629 895 2704 'alia
913 2641 967 2704 itta
990 2651 1021 2704 et
1043 2639 1142 2726 magis

144 2743 248 2808 divina
279 2744 483 2822 necessitate,
530 2765 610 2826 quae
638 2743 669 2807 iu
702 2745 930 2827 spontaneitate
955 2755 986 2807 et
1019 2742 1145 2810 actione

141 2850 312 2913 secundum
333 2861 468 2913 mentem
490 2859 537 2912 est
563 2847 679 2929 posita.
736 2848 798 2928 Qui
821 2847 946 2931 quidem
973 2847 1043 2912 'non
1068 2867 1144 2929 per·

86 2955 88 2962 ’
122 2949 300 3034 ‘pendunt,
336 2955 423 3036 quod
442 2953 561 3015 bonum
585 2951 683 3015 multo
711 2951 810 3036 magis
839 2971 1056 3034 quamcunque
1082 2973 1143 3038 gu-

141 3057 255 3138 bernat
271 3053 418 3132 animam,
444 3077 514 3118 cum
529 3053 712 3118 necessitate
731 3056 897 3139 gubernet,
923 3053 1039 3136 quippe
1055 3055 1142 3137 quod

140 3158 225 3221 inter
247 3177 354 3218 omnes
373 3177 481 3222 causas
500 3169 547 3222 est
564 3157 770 3223 fortissimum
786 3169 817 3220 et
836 3157 969 3238 maxime
991 3157 1140 3219 activum.

143 3259 207 3324 Sed
227 3259 440 3341 imprudenter
468 3261 511 3324 ita
538 3264 626 3326 bono
651 3261 879 3337 infirmitatem,
919 3259 1037 3323 animae
1060 3282 1140 3326 vero

73 3404 77 3409 ι
143 3364 309 3427 vanitatem
330 3361 490 3439 tribuunt,
513 3363 539 3426 si
561 3365 709 3441 animam,
735 3386 814 3448 qnae
835 3367 954 3428 bouum
977 3366 1140 3448 quodcun-

144 3473 204 3553 que
225 3467 440 3542 intellexerat,
476 3486 618 3550 quaeque
647 3471 710 3532 hoc
731 3489 808 3550 prae
829 3467 958 3551 reliquis
978 3451 1139 3548 probave-

143 3584 210 3648 rat,
235 3568 358 3655 quidvis
382 3567 506 3651 potius,
542 3591 635 3654 quam
659 3575 746 3654 quod
770 3571 922 3655 optimum
945 3569 1045 3635 visum
1073 3583 1141 3636 erat

143 3676 311 3740 electuram
332 3684 479 3739 statuant.
817 3685 820 3692 ·
