2758 4760
1064 340 1130 406 153

121 509 227 574 nmltu¹
247 505 338 572 etiam
366 515 493 590 praeter
514 504 649 570 Parrum
679 498 761 580 fieri,
779 515 811 571 et
840 517 968 588 praeter
990 507 1122 585 Fatum,

122 625 158 677 ut
178 612 295 677 alieubi
316 611 414 694 poe'ta
435 608 573 676 ostendit
593 607 737 692 inquiens

197 775 267 829 Non
283 780 401 843 praeter
420 771 523 825 Fatum
542 767 676 824 tenebras
691 769 858 840 penetrabis
877 771 996 828 Averni.

38 1073 43 1085 ,
123 1010 214 1075 Haeo
236 1008 317 1072 enim
340 1004 449 1090 opinio
472 1003 596 1070 vatibus
617 1000 755 1078 favebit,
793 1003 826 1066 in
856 1003 969 1088 quibus
1000 1005 1127 1088 praedi.

122 1125 198 1178 cunt
218 1135 283 1178 non
306 1111 410 1176 omnia
432 1129 466 1172 se
488 1105 625 1189 assequi.
684 1104 780 1185 Quod
808 1105 836 1168 si
863 1128 928 1169 non
948 1108 1031 1172 hano
1055 1109 1127 1193 opi-

121 1217 249 1282 nionem
277 1215 420 1279 homines
450 1214 488 1274 de
511 1211 594 1274 Fato
623 1208 742 1272 habere
772 1209 948 1295 contingit,
986 1234 1052 1276 non
1079 1223 1128 1276 ese

121 1321 248 1385 mirum.
300 1316 476 1382 Multitudo
509 1313 591 1377 enim
627 1311 659 1374 in
691 1311 853 1374 nominum
880 1313 1124 1378 formationibus

122 1425 248 1508 quidem
268 1443 334 1486 non
355 1420 434 1483 male
456 1439 508 1482 res
537 1414 732 1499 assequitur,
772 1414 805 1478 iu
833 1414 1017 1499 particulari
1047 1439 1126 1482 vero

50 1531 73 1608 ᾗ
122 1540 154 1591 et
185 1528 218 1592 in
251 1525 428 1588 definiendo
462 1533 494 1585 et
525 1520 666 1584 exactius
700 1517 906 1582 examinando
938 1520 1126 1603 plerumque

124 1641 211 1695 errat
239 1628 434 1692 ao'labitur.
485 1625 569 1688 Illud
590 1623 672 1686 enim
699 1634 849 1699 naturae,
888 1623 952 1686 hoo
980 1622 1128 1686 scientiae

121 1757 204 1818 opus
228 1744 288 1796 est.
331 1732 400 1795 Iam
422 1750 501 1793 vero
524 1730 562 1790 de
585 1725 711 1790 nomine
733 1726 805 1789 Fati
826 1724 1017 1789 Aristoteles
1040 1748 1128 1788 men-

121 1839 242 1902 tionem
262 1834 338 1900 faeit
358 1833 392 1896 iu
412 1831 517 1914 primo
539 1831 765 1894 Meteororum
786 1830 850 1892 hoo
870 1831 985 1892 modo:
1039 1829 1126 1902 „Sed

121 1940 285 2018 „omnium
319 1940 436 2002 horum
467 1955 560 1998 causa
582 1934 734 1996 censenda
764 1942 832 2008 est,
871 1931 944 2014 quia
967 1931 1047 1994 fiunt
1068 1955 1127 2014 per
1197 1961 1200 1964 ·

121 2045 292 2128 „tempora
317 2043 385 2108 fato
408 2043 534 2103 decreta
556 2059 593 2099 ao
614 2047 718 2111 certa,
757 2034 844 2097 velut
871 2033 903 2096 in
931 2035 1125 2116 tempestati-

122 2152 204 2228 „bus
239 2145 310 2212 anni
344 2146 463 2222 hiems,
509 2153 540 2205 et
571 2139 604 2202 in
636 2136 754 2201 ambitu
788 2149 971 2219 temporum
1006 2138 1126 2202 maiore

122 2273 262 2338 „magna
288 2247 423 2314 hiems.’'
481 2245 618 2308 Videtur
646 2253 748 2304 autem
771 2239 876 2302 dicere
899 2239 1012 2303 Fatum
1035 2251 1125 2302 natu-

122 2380 191 2424 ram
220 2376 307 2433 esse,¹
343 2355 422 2415 haee
451 2347 532 2413 enim
560 2358 632 2412 sunt
658 2356 804 2426 tempora
831 2343 913 2406 Fato
943 2345 1127 2406 decreta‘ae

124 2472 261 2536 statuta,
298 2456 397 2519 hiems
431 2466 462 2516 et
494 2451 633 2534 reliqua,
673 2467 753 2531 quae
783 2446 940 2508 naturales
970 2469 1040 2508 eum
1070 2447 1127 2508 ha·
1166 2520 1171 2534 ι

123 2568 219 2630 beant
250 2560 457 2634 mutationes,
504 2576 568 2624 non
599 2553 716 2615 habent
748 2550 832 2631 ipsas
864 2547 1059 2612 inevitabiles
1094 2561 1126 2612 et
1179 2627 1180 2630 Ἴ

125 2679 266 2734 coactas.
312 2660 511 2745 Quinetiam
538 2658 574 2734 inl
599 2655 708 2739 quinto
732 2653 893 2715 Naturalis
923 2631 1147 2714 auscultatio·¹

125 2773 171 2836 uis
200 2772 244 2834 ita
276 2789 403 2830 rursum
430 2743 583 2826 meminit
602 2751 645 2822 de'
669 2759 771 2821 Fato:
817 2758 924 2830 „Num
956 2775 995 2816 ne
1028 2753 1125 2838 igitur
1202 2749 1204 2756 ’

126 2875 241 2952 „etiam
279 2867 496 2956 generationes
533 2862 690 2926 violentae
726 2872 797 2922 sunt
830 2872 861 2922 et
893 2877 959 2920 'non
992 2869 1125 2920 statutae

126 2980 254 3054 ,‚Fato,
293 2973 406 3058 quibus
437 2965 613 3032 contrariae
643 2975 714 3026 sunt
732 2959 953 3036 ‚naturales?’'
987 2963 1040 3022 ¹Et
1069 2960 1127 3022 ite-

124 3105 196 3146 rum
216 3081 315 3163 liquet
336 3061 406 3140 euin
428 3071 501 3136 Fati
521 3067 646 3133 nomine
667 3066 708 3129 in.
721 3067 815 3127 rebus
839 3083 919 3148 quae
941 3064 1152 3126 naturaliter-

125 3187 221 3260 fiuut,
269 3180 328 3244 uti.
395 3176 429 3240 Si
465 3173 546 3238 enim
580 3171 626 3235 rei
654 3171 736 3233 Fato
774 3189 838 3231 non
875 3168 1018 3233 decretae
1054 3165 1128 3227 dicit

126 3285 320 3354 contrarium
352 3300 422 3344 esse
449 3277 481 3340 id
510 3278 597 3360 quod
625 3274 793 3338 secundum
815 3281 956 3332 naturam
980 3280 1045 3342 est,
1084 3267 1128 3329 illi

50 3451 52 3460 ,
98 3423 100 3438 t
127 3413 206 3456 vero
230 3390 317 3472 quod
345 3394 393 3447 est
414 3382 583 3444 seeundum
605 3379 719 3441 Fatum
739 3375 771 3437 id
793 3375 879 3456 qnod
906 3392 970 3434 nou
1000 3383 1048 3433 est
1077 3392 1127 3432 se-

127 3497 262 3559 eundum
294 3491 408 3553 Fatum
440 3470 632 3548 eontrarium
670 3491 734 3553 est;
778 3497 857 3560 ergo
892 3473 973 3537 idem
1003 3473 1062 3536 erit
1093 3474 1125 3535 id

128 3599 215 3682 quod
235 3595 404 3658 secundum
425 3599 571 3651 naturum
594 3596 641 3646 est
662 3605 733 3645 eum
754 3601 793 3642 eo
822 3579 909 3662 quod
937 3589 984 3639 est
1013 3599 1125 3640 secun-

128 3705 200 3764 dum
227 3699 353 3762 Fatum.
411 3693 487 3755 Non
521 3686 603 3750 euim
634 3684 786 3768 possibile
816 3695 863 3746 est
892 3693 927 3743 ut
957 3679 1011 3742 uni
1040 3683 1127 3763 quod

128 3818 261 3868 estnon
285 3797 453 3862 seeundum
475 3794 588 3856 Fatum
616 3790 708 3871 plura
736 3785 894 3850 contraria
924 3805 992 3847 esse
1021 3773 1126 3845 diean-

127 3921 191 3987 tur.
237 3907 281 3982 Et
311 3903 343 3968 id
370 3901 457 3994 qiiod
485 3895 655 3962 seeundum
679 3891 791 3965 Fatum
822 3901 885 3968 est,
926 3899 1034 3976 aperte
1067 3885 1128 3972 ipsi
