2804 4762
1087 377 1127 444 ’13

124 577 192 618 esse
212 573 275 618 nec
295 551 395 637 magis
417 573 513 634 posse
534 551 623 628 fleri,
648 571 747 635 quam.
763 557 797 614 dt
820 549 936 635 aliquid
950 552 1072 617 oriatur
1086 573 1127 616 ex

121 679 162 722 eo
185 658 275 740 quod
294 676 359 721 non
381 655 432 718 sit.
478 652 566 718 Talis
585 667 689 718 autem
711 677 782 718 cum
803 654 843 718 sit
864 655 955 718 huius
978 655 1129 720 Universi

122 758 331 846 gubernatio,
355 779 423 822 eam
438 779 479 822 ex
492 757 644 823 immenso
659 770 803 840 tempore
818 758 850 822 in
864 758 1046 824 immensum
1061 758 1126 822 effi·

122 863 241 926 caciter
272 874 304 924 et
335 859 597 925 indeclinabiliter
627 863 817 944 procedere.
876 861 959 934 Cum
986 883 1067 926 vero
1088 861 1129 928 sit

121 967 227 1050 aliqua
248 965 280 1029 iu
302 965 402 1028 causis
431 964 614 1042 diversitas,
649 967 732 1044 (nam
761 967 876 1030 unhem
897 965 944 1029 itti
965 987 1128 1030 causacum

121 1070 221 1133 citant
242 1069 499 1153 distinguuntque
519 1068 563 1130 ita
583 1079 619 1130 ut
639 1067 714 1131 alias
737 1090 845 1132 causas
861 1082 978 1132 vocent
991 1070 1130 1152 primor-
1206 1121 1213 1132 .

121 1155 238 1250 diales,
263 1172 338 1236 alias
361 1171 561 1248 adiuvantes,
586 1170 661 1234 alias
683 1171 875 1249 individuas,
901 1172 975 1236 alias
990 1173 1128 1238 efficien-

120 1277 197 1342 tiam
219 1275 252 1340 in
274 1297 309 1340 se
331 1276 545 1359 continentes,
571 1273 646 1340 alias
669 1275 731 1340 alio
751 1274 896 1350 nomine;
924 1297 1026 1358 neque
1049 1276 1130 1366 enim

119 1401 254 1444 necesse
287 1391 335 1444 est
369 1399 549 1443 sermonem
576 1379 768 1460 protrahere
800 1377 904 1443 omnia
935 1379 1128 1455 referendo,

119 1507 193 1548 cnm
215 1482 417 1566 propositum
449 1481 542 1548 nobis
569 1481 610 1546 sit
639 1484 809 1547 ostendere
833 1493 1018 1564 praetextus
1050 1505 1131 1566 quos

118 1589 240 1652 habent
260 1587 310 1650 sui
331 1588 369 1650 de
392 1587 474 1650 Fato
496 1583 604 1668 placiti
612 1585 636 1665 ι)
658 1607 729 1648 cnm
750 1585 877 1669 inquam
900 1585 1130 1650 diversimodae

117 1692 182 1756 sint
204 1689 336 1768 causac,
360 1711 401 1754 ex
422 1711 526 1774 aequo
547 1701 651 1752 tamen
674 1690 712 1750 de
734 1687 878 1752 ommuus
893 1687 953 1752 illis
967 1687 1032 1752 hoc
1046 1688 1132 1752 aiunt

118 1815 252 1870 verum,
276 1793 346 1858 fieri
365 1793 515 1878 nequire,
530 1804 573 1868 <ut
593 1791 704 1856 iisdem
725 1793 821 1854 rebus
843 1791 1140 1878 circumstantibus,

118 1910 188 1962 tum
211 1897 297 1960 circa
319 1917 461 1973 causam,
484 1907 551 1958 tum
573 1894 658 1958 circa
678 1894 728 1972 id,
759 1895 847 1978 quod
868 1889 1024 1960 circnma
1047 1895 1128 1973 fluit,

116 2002 291 2086 aliquando
314 2012 434 2064 certum
454 1998 572 2084 aliquid
592 1999 666 2074 fiat,
704 1997 872 2081 aliquando
900 1997 934 2060 id
961 2011 1026 2062 n'on
1054 1999 1128 2076 fiat,

119 2117 175 2168 arnt
195 2104 244 2168 sic
265 2115 319 2168 aut
340 2103 431 2167 aliter
451 2101 519 2164 fiat.
564 2103 647 2164 Nam
668 2102 701 2165 id
722 2101 749 2164 si
769 2101 877 2178 ficret,
901 2113 968 2164 tum
988 2103 1128 2198 suturam

119 2208 259 2292 aliquam
287 2207 353 2271 sine
380 2227 475 2270 causa
502 2205 688 2268 motionem.
753 2205 868 2268 Fatum
896 2215 1000 2268 autem
1028 2206 1131 2288 ipsum

19 2343 20 2346 ¹
119 2324 151 2376 et
178 2323 325 2377 naturam
358 2322 390 2372 et
418 2310 572 2374 rationem
600 2329 659 2390 per
686 2331 780 2391 quam
812 2321 965 2394 regantur
997 2322 1131 2387 crurcta,

37 2461 42 2476 ,
120 2415 227 2480 Deam
249 2433 318 2477 esse
348 2411 478 2489 dicunt,
516 2433 598 2495 quae
627 2411 668 2476 sit
697 2413 730 2476 in
762 2412 908 2477 omnibus
944 2435 1025 2496 quae
1061 2427 1133 2478 sunt

120 2539 268 2607 quaeque
289 2516 369 2580 fiunt
391 2527 423 2580 et
444 2515 490 2580 sic
506 2527 613 2578 utatur
627 2515 760 2598 propria
782 2516 932 2600 cuiusque
953 2516 1002 2580 rei
1022 2529 1133 2582 natura

120 2623 160 2684 ad
190 2619 291 2684 totius
327 2641 465 2682 summae
499 2619 773 2704 gubernationem.
839 2621 930 2682 Haec
956 2619 1055 2704 igitur
1083 2632 1131 2684 est

120 2723 266 2788 breviter
287 2723 448 2807 loquendo
472 2706 580 2804 opinio
604 2725 648 2785 de·
663 2723 746 2788 Fato
769 2723 891 2786 abillis
914 2737 1088 2790 exstructa.

562 2929 699 2992 XXIII.

75 3054 79 3060 '
185 3033 323 3101 Falsitas
349 3021 451 3098 autern
475 3055 586 3103 eorum
605 3053 686 3116 quae
706 3033 833 3110 dicunt,
858 3056 921 3098 non
948 3036 1052 3100 multis
1075 3059 1131 3102 ex-

121 3140 278 3204 trinseous
304 3136 411 3200 verbis
443 3135 697 3222 argumentisque
732 3135 871 3221 indiget,
918 3142 974 3201 scd
1005 3162 1062 3222 per
1097 3153 1130 3202 se

120 3254 222 3325 patet.
268 3241 358 3322 Quae
391 3239 472 3304 enim
500 3239 656 3304 refutatio-
680 3260 791 3302 eorum
821 3241 963 3323 apertior
987 3263 1080 3326 quam
1107 3243 1135 3306 si

122 3365 246 3410 canon
266 3335 458 3408 conveniunt
478 3345 574 3406 rebus
601 3345 639 3406 de
656 3343 775 3427 quibus
788 3343 990 3428 loquuntur?
1037 3346 1134 3427 Quod

120 3449 220 3514 enim„
231 3431 366 3530 primum
399 3445 528 3521 dicum,
562 3467 633 3509 cum
661 3447 693 3511 in
721 3446 867 3511 omnibus
895 3449 990 3511 rebus
1021 3471 1133 3516 causae

124 3551 248 3634 aliquae
259 3550 429 3626 exsistant,
454 3547 514 3625 alia
525 3561 637 3631 postca
652 3549 804 3634 ¹subsequi
822 3562 853 3614 et
865 3553 929 3616 hoc
943 3555 1039 3619 modo
1054 3577 1135 3618 con·-

123 3655 216 3737 sertis
241 3653 325 3716 inter
356 3674 390 3716 se
413 3655 508 3715 rebus
533 3664 682 3737 tanquam
708 3666 817 3718 catena
838 3658 970 3739 quadam
994 3659 1132 3738 pendere
1215 3629 1223 3652 ²

125 3759 262 3821 secunda
284 3777 302 3817 a
323 3754 450 3838 primis,
474 3756 506 3818 in
527 3777 592 3839 quo
610 3757 710 3838 ipsam
732 3758 926 3836 constituunt
948 3760 1019 3823 Fati
1040 3772 1132 3823 natu·

125 3849 216 3937 rani,
263 3880 357 3942 quarn
389 3858 584 3942 apertissime
613 3863 718 3923 rebus
738 3860 958 3926 disconvenit?
996 3865 1078 3926 Nam
1106 3863 1133 3926 si

127 3962 266 4038 filiorum
289 3973 395 4044 patres
418 3975 490 4026 sunt
512 3984 623 4078 (pausa,
649 3975 742 4028 etex
764 3964 1010 4059 proprietatibus
1034 3989 1136 4053 quae.
