2758 4760
252 407 293 474 9⁰

252 574 375 657 ἀστούς
401 571 421 658 η’
450 582 510 664 μὲν
537 569 697 661 ἀγαθόν,
715 567 753 654 ἡ
776 576 812 642 δὲ
837 571 960 654 κακόν,
992 579 1049 641 καὶ
1073 569 1168 640 οὐδὲν
1195 571 1260 640 τῶν

251 678 360 749 ἀλλων
377 676 465 762 ζόαν
490 673 663 768 οὐδέτερον
685 671 810 744 τούτων
833 679 920 745 ἐστὶν
942 672 1163 756 ἐπιδεκτικόν,
1195 675 1259 742 τῶν

178 783 180 789 ’
249 788 287 851 δὲ
303 777 494 874 ἀνθρώπων
510 784 701 848 οἱπλεῖστοι
715 785 827 860 κακοὶ,
849 782 977 867 μάλλον
996 783 1031 846 δὲ
1048 775 1186 866 ἀγαθὸς
1199 787 1259 865 μὲν

248 881 329 967 ἑῖςῆ
348 879 497 976 δεύτερος
516 880 566 950 ὑπ’
587 881 696 950 ἀντῶν
715 887 887 972 γεγονέναι
906 879 1093 970 μυθεύεται
1104 933 1114 966 ,
1151 874 1258 972 ὥσπέρ

249 1014 283 1057 τι
305 983 493 1079 παράδοξον
514 987 595 1068 ζῶον
616 993 672 1053 καί
693 984 786 1079 παρά
808 983 928 1081 φύσιν,
960 982 1182 1077 σπανιώτερον
1198 987 1259 1052 τοῦ
1306 1027 1308 1031 -

256 1092 412 1170 Φοίνικος
433 1088 465 1173 ²)
494 1091 554 1157 τοῦ
578 1087 653 1181 παρ’
672 1085 879 1185 Ἀιθιόφιν,
902 1093 934 1156 οί
959 1092 994 1157 δὲ
1018 1083 1137 1166 πάντες
1162 1093 1259 1154 κακοὶ

248 1199 305 1260 καὶ
326 1195 437 1275 ἐπίσης
455 1189 611 1275 ἀλλήλοις
632 1195 799 1275 τοιοῦτοι,
821 1189 865 1272 ὡς
884 1196 986 1281 μηδὲν
1006 1195 1176 1285 διαφέρειν
1197 1188 1258 1259 ἀλ

246 1301 305 1366 λον
333 1295 460 1379 ἀλλον,
494 1298 682 1387 μαίνεσθαι
710 1300 746 1364 δὲ
779 1292 900 1385 ὁμοίως
934 1291 1078 1378 πάντας,
1115 1287 1190 1362 ὅσοι
1210 1291 1257 1383 μὴ

248 1406 371 1493 σοφοὶ,
407 1402 477 1480 πῶς
506 1397 566 1468 οὐκ
591 1397 632 1468 ἀν
657 1394 874 1466 ἀθλιώτατον
896 1402 978 1480 ζῶον
1002 1394 1133 1466 πόντων
1155 1393 1174 1464 6
1199 1395 1258 1466 ἀν·

246 1509 390 1596 θρωπος
407 1505 473 1585 έίη,
508 1503 589 1592 ἔχων
616 1498 676 1585 τόν
705 1527 739 1570 τε
766 1503 966 1570 κακίανκαὶ
999 1499 1039 1569 τό
1055 1573 1059 1582 ,
1071 1503 1258 1591 μαίνεσθαι
1294 1541 1297 1547 ·

248 1603 405 1700 σύμφυτα
426 1603 535 1700 ἀντῷ,
557 1612 613 1674 καὶ
630 1609 937 1695 συγκεκληρωμόιας
955 1601 1061 1674 >4λλόι
1077 1603 1121 1672 τά
1143 1613 1207 1694 μὲν
1228 1607 1271 1690 3),

246 1706 308 1787 τὰς
329 1710 613 1801 παραδοξολογίας
649 1703 680 1791 ⁴)
712 1705 820 1778 ἀντῶν
844 1706 905 1787 τάς
934 1711 967 1776 έν
993 1717 1068 1786 ταῖς
1093 1705 1256 1797 δόγμασιν

249 1807 421 1893 ἐξετάζειν,
472 1808 511 1881 δι’
549 1802 594 1880 τόν
628 1810 712 1899 πρός
755 1808 894 1895 τάληθῆ
927 1813 1135 1906 διαφωνοῦσι
1165 1817 1255 1880 πλεῖ-

248 1938 329 1982 στον
349 1915 395 1997 ⁵),
416 1919 637 2008 παραιτητέον
657 1919 718 1984 τοῦ
739 1918 812 1984 νῦν·
836 1918 1005 1983 ἐπανιτέον
1027 1917 1066 1982 δὲ’
1085 1907 1170 1983 όδεν
1192 1915 1255 1998 ἑξε-

248 2013 463 2110 τραπόμεθα.

304 2219 488 2316 Ἐδείξαμεν
511 2229 547 2294 δὲ
572 2221 625 2297 ότι
657 2223 761 2306 όότως
783 2222 828 2296 ἐπ’
858 2223 948 2319 ἀντῷ
975 2227 1022 2320 τῷ
1042 2224 1192 2321 φρονίμῳ
1213 2217 1254 2291 τό

247 2329 330 2396 έίναι
352 2325 511 2453 τοιούτῳ,
534 2321 586 2398 ότι
603 2332 662 2413 τῆς
684 2325 840 2413 τοιαύτης
861 2332 952 2412 ἕξεως
972 2331 1001 2412 ¹)
1025 2335 1081 2397 καὶ
1098 2330 1157 2411 τῆς
1178 2322 1255 2410 κτή-

246 2453 328 2509 σεως
348 2427 450 2515 ἀυτῆς
471 2429 596 2515 ἀίτιος,
628 2434 675 2527 τῷ
696 2439 753 2501 και
773 2435 834 2502 τοῦ
858 2436 915 2516 ¹a)
936 2431 982 2523 μὴ
1001 2436 1163 2521 γενέσθαι
1184 2456 1255 2498 τοι-

246 2534 344 2613 οὗτος
367 2533 449 2658 έγειν
474 2532 635 2628 πρότερον
661 2534 722 2618 τὴν
743 2537 908 2619 εξοοσίαν·
945 2535 1004 2619 τὴν
1027 2533 1166 2625 μὲνόίιν
1190 2535 1272 2616 ἕξιν,

246 2632 353 2756 μηκέτ
378 2638 460 2727 ἐχειν
481 2636 525 2705 ἐπ
552 2636 642 2732 ἀντῷ
665 2638 715 2723 ²),
747 2633 854 2764 ἀρπερ
876 2636 953 2708 οὐδὲ
983 2641 1029 2734 τῷ
1057 2635 1160 2707 ἀντόν
1187 2632 1253 2705 ἀπό
1292 2727 1295 2732 ¹

246 2731 357 2858 όφοος
373 2736 490 2827 ἀφέντι
510 2739 550 2809 τὸ
571 2745 705 2824 στῆναι,
727 2745 783 2811 καί
807 2768 861 2810 τοι
880 2745 939 2810 τού
934 2744 1057 2870 ῥίφαι
1074 2769 1107 2810 τε
1129 2747 1184 2809 καὶ
1204 2748 1254 2833 μή

246 2865 305 2960 την
327 2842 512 2922 εξονσίαν’
493 2862 619 2933 εχοντι
648 2843 693 2914 ἐπ
716 2842 823 2915 ἀντῶν
848 2849 884 2914 δὲ
906 2847 970 2914 τῶν
994 2849 1253 2939 ἐνεργειῶν,ων

156 2997 165 3007 ε
244 2941 489 3035 τὴνὲξινὲχων
509 2951 646 3040 ἐνεργεῖ,
669 2947 791 3072 καὶμὴ
812 2950 1051 3032 ποιησαίτινα.
1093 2952 1164 3070 Καὶ
1184 2947 1251 3042 γάρ

244 3046 274 3112 ἐι
299 3037 352 3114 ότι
377 3043 524 3136 μάλιστα
549 3049 684 3140 εύλογον
715 3050 755 3121 τὸ
787 3049 844 3120 τόν
876 3048 1052 3180 φρόνιμον
1075 3049 1163 3120 κατὰ
1193 3050 1252 3121 τόν

245 3143 345 3236 λόγον
372 3157 427 3218 και
457 3150 517 3236 τὴν
549 3151 711 3248 φρόνησιν
746 3157 945 3246 ἐνεργείας
930 3161 1082 3274 ενεργεῖν,
1120 3157 1251 3248 πρῶτον

242 3259 303 3338 μὲν
331 3249 391 3343 οὐχ
420 3252 618 3348 ὡρισμένως,
665 3263 701 3326 αἱ
723 3262 768 3326 δέ
805 3284 890 3338 τινες
917 3261 1072 3326 τοιαῦται
1103 3287 1124 3342 η
1154 3259 1250 3351 μέχρι

243 3356 340 3422 τοῦδε
361 3355 602 3482 ἐγεργούμεναι,
624 3358 693 3430 ἀλλ’
717 3363 806 3430 ἔστιν
825 3365 859 3430 ἐν
878 3360 994 3432 πλάτει
1015 3363 1043 3445 ³)
1063 3369 1127 3431 τινὶ
1140 3358 1251 3431 πάντα

244 3454 288 3523 τὰ
310 3456 467 3549 γινόμενοι
490 3462 578 3530 κατά
600 3467 718 3533 τοῦτον
738 3463 796 3534 τὸν
813 3462 937 3558 τρόπον
957 3461 1021 3549 4),
1041 3472 1097 3535 καὶ
1121 3464 1160 3535 τὸ
1183 3493 1248 3533 πα-

171 3655 173 3664 y
244 3559 405 3682 ραμικρόν
438 3567 517 3686 ⁵)³
500 3591 534 3634 εν
560 3563 690 3648 τούτοις
713 3566 772 3636 οὐκ
799 3567 929 3662 ἀναιρεῖ
954 3567 994 3637 τὸ
1023 3571 1248 3695 προκείμενον·

242 3660 411 3732 ἔπειταὲ
376 3669 411 3732 δὲ
437 3665 475 3734 ού
493 3677 807 3760 κατηναγκασμένος
824 3669 1021 3794 όφρόνιμος
1039 3664 1083 3742 ὧν
1104 3669 1248 3765 ἀιρειται

241 3769 276 3832 τὶ
294 3762 433 3858 πράττει
461 3765 515 3855 ⁶),
547 3769 662 3842 ἀλλΗ
639 3803 683 3856 ως
704 3782 759 3843 καὶ
781 3777 840 3843 τοῦ
855 3775 902 3864 μὴ
923 3777 1044 3868 πρᾶξαί
1067 3803 1102 3844 τι
1122 3772 1248 3844 τούτων

243 3862 344 3950 ἆντός
370 3869 415 3940 ε’όν
447 3873 569 3969 κύριος.
619 3873 778 3966 Εύλογον
806 3876 871 3971 γάρ
903 3875 947 3948 ἀν
973 3876 1074 3961 δόξαί
1094 3903 1173 3948 ποτε
1198 3905 1246 3971 τῳ

241 3975 391 4068 φρονίμῳ
417 3986 471 4048 καὶ
496 3977 578 4074 ὑπὲρ
603 3985 664 4051 τοῦ
687 3984 790 4065 δεῖξαι
820 3979 858 4049 τὸ
886 3983 950 4052 τάν
975 3983 1138 4074 ἐνεργειῶν
1159 3978 1246 4052 ελεό·
