2804 4762
264 349 305 416 58

260 513 395 638 μήτιγε
412 493 476 584 τών
490 510 599 580 ἄλλων
619 507 709 580 τινά
730 506 895 592 τοσαύτην
913 505 1006 632 ι’σγύν
1026 508 1091 634 ίγει
1108 503 1267 588 τάληθές,

260 627 318 690 κα)
338 619 398 739 τὴν
421 614 514 708 παρά
538 618 602 685 τών
624 618 801 736 γινομένων
823 614 1024 736 μαρτυρίαν
1035 613 1165 706 ἐναργῆ.
1216 605 1268 676 'Ec

175 807 180 822 ὁ
261 729 298 792 δέ
328 719 451 792 τούτοιν
483 715 561 803 4)“
545 717 650 798 ούτως
681 713 839 806 ἐχόντων,
887 714 981 805 ἰσχύν
1004 713 1112 784 άυτών
1138 710 1159 797 6
1187 709 1268 795 δόξα

260 823 425 909 τοσαύτην
439 821 539 910 λάβοι
553 825 602 906 ⁵),
629 819 672 901 ώς
696 817 824 900 πάντας
845 815 1050 911 ἀνθρώπους
1074 819 1266 898 πιστεύσαι,

258 923 313 998 ότι
333 926 426 1017 ἡμεῖς
444 937 505 1018 μέν
527 924 659 1005 οὐδενὸς
682 921 809 1016 κύριοι,
836 920 992 1012 ἑπόμεθα
1014 925 1050 989 δὲ
1070 928 1142 1000 τοῖς
1160 946 1267 1011 περιε·

258 1033 378 1102 στῶσιν
393 1029 462 1154 ρἰελ,
485 1027 616 1110 τούτοις
633 1025 810 1108 ἐνδιδόντες
824 1052 858 1095 τε
875 1033 931 1094 ναὶ
945 1030 1268 1114 συγκατατιθέμενοι
1287 1018 1288 1022 “

258 1142 314 1204 καί
334 1131 520 1229 πράττομέν
543 1158 578 1201 τε
598 1127 672 1218 ⁶)‘¹
649 1161 673 1200 α
691 1129 879 1260 πράττομεν
906 1132 953 1198 τώ
974 1125 1104 1208 πάντως
1124 1125 1268 1222 ὀφείλειν

257 1241 356 1307 τούτο
377 1234 534 1362 πράττειν
553 1235 612 1326 (μὴ
633 1233 698 1329 γάρ
718 1239 803 1304 ἐιναι
820 1199 996 1303 δυνατόν’
979 1239 1066 1321 ημῖν,
1086 1229 1189 1300 ὀντων
1204 1233 1268 1302 τών

256 1338 479 1434 περιεστώτων
498 1336 674 1422 τοιούτων,
710 1337 795 1406 άλλο
812 1362 846 1406 τι
868 1339 992 1420 ποιεῖν)
1021 1333 1060 1404 οό
1081 1324 1269 1459 πράττομεν

257 1450 293 1513 δὲ
314 1440 451 1513 πάλιν”
435 1445 572 1566 ομοίως,
594 1440 653 1511 διά
673 1439 712 1510 τὸ
727 1469 774 1530 μη
760 1436 962 1510 δύνασθαι
979 1436 1179 1527 ἀποβαίνειν
1197 1443 1267 1518 τοῖς

256 1550 468 1670 περιεστῶσιν
485 1543 561 1614 όῦσι
588 1541 770 1628 τοιούτοις,
791 1545 824 1612 τί
847 1539 977 1612 ἄλλο’
955 1571 976 1628 η
1000 1539 1249 1670 συμβήσεται”
1225 1567 1268 1611 αν

255 1647 383 1730 πάντας
397 1647 427 1732 7)
445 1645 649 1744 άνθρώπονς
670 1646 782 1718 διά
748 1675 807 1732 την
828 1644 959 1718 τοιάνδε
981 1650 1108 1730 πίστιν,
1140 1644 1185 1716 τά
1206 1655 1267 1736 μέν

255 1747 321 1822 όσα
340 1750 426 1843 μετά
444 1749 548 1822 πόνου
570 1750 736 1834 τινόςναί
759 1753 936 1846 φροντίδος
952 1753 1098 1840 γίνεται,
1133 1747 1266 1832 τούτοις

254 1864 315 1947 μίν
332 1859 460 1951 χαίρειν
482 1861 602 1946 λέγειν,
635 1853 814 1949 άιρείσθαι
842 1860 878 1924 δέ
908 1854 969 1936 τάς
987 1854 1072 1945 μετά
1095 1852 1267 1946 ῥαστώνην

254 1957 398 2046 ἡδονάςς
420 1957 463 2040 ώς
476 1957 606 2041 πάντως
620 1963 781 2051 ἐσομένων
797 1962 861 2028 τών
878 1956 1079 2055 ὀφειλόντων
1092 1964 1265 2048 γενέσθαι,

254 2067 356 2152 μηδὲν
388 2059 485 2133 άυτο)
510 2071 584 2158 περὶ
610 2060 719 2133 άυτῶν
748 2061 864 2133 ὀίσωσι
896 2059 998 2134 καλόν
1029 2067 1069 2148 ⁸).
1106 2060 1211 2133 Ὁύτω
1236 2058 1263 2130 δ’
1272 2075 1279 2085 ’

219 2179 225 2190 ’
254 2164 363 2237 άυτών
383 2171 608 2257 διακειμένου,
630 2175 686 2237 καὶ
710 2169 775 2256 τών
787 2173 1019 2261 πραττομένων
1034 2161 1266 2236 ἀκολουθούν-

256 2295 322 2340 των
342 2277 418 2350 τσίς
441 2266 606 2363 άιρὲσεσιν
625 2269 733 2340 ύυτών
754 2268 807 2353 (σό
832 2270 897 2366 γάρ
922 2270 963 2356 δὴ
983 2276 1013 2356 ⁹)
1032 2269 1090 2340 διά
1109 2268 1169 2355 τὴν
1192 2275 1267 2358 περὶ

254 2370 363 2443 άυτών
385 2377 587 2469 ἐψευσμένην
607 2375 718 2443 πίστιν
737 2373 845 2456 ἄλλως
860 2403 929 2457 πως
944 2378 1005 2460 ἕξει
1026 2373 1070 2443 τά
1082 2371 1265 2468 πράγματα

252 2474 275 2560 6
297 2474 340 2558 ώς
358 2478 434 2567 66)
457 2480 501 2561 ¹⁰)
523 2472 605 2546 άλλό
625 2502 676 2559 τι,
704 2474 805 2560 ἢτών
825 2488 886 2569 μέν
900 2482 1008 2548 καλῶν
1027 2477 1121 2571 παρά
1133 2476 1265 2547 πάντων

254 2577 412 2674 ὀλιγωρία
429 2587 479 2661 τίς
499 2580 610 2665 ἔσται,
640 2576 784 2664 (πάντων
809 2580 873 2676 γάρ
895 2577 917 2665 6
939 2585 1052 2666 κτῆσίς
1078 2608 1113 2652 τε
1144 2584 1186 2664 ¹¹)
1208 2589 1265 2652 καί

161 2727 169 2746 x
252 2681 421 2777 παρουσία
442 2688 506 2754 τών
526 2679 685 2753 τοιούτων
701 2683 786 2773 μετά
802 2681 952 2776 καμάύσυ
967 2688 1178 2779 περιγίνεται)
1199 2688 1265 2754 τών

252 2791 288 2856 δέ
310 2789 418 2856 κανών
435 2784 576 2909 άίρεσις,
606 2779 664 2856 άτε
677 2793 855 2914 γινομένων
868 2787 950 2878 μετά
965 2786 1134 2918 ῥαστώνης
1153 2815 1187 2857 τε
1207 2795 1264 2874 ιιοιί

252 2887 390 2974 ηδσνηςς
421 2889 504 2984 πρὸς
526 2887 584 2971 όύς
607 2892 656 2970 τίς
677 2889 719 2962 ὀίν
745 2890 839 3018 παρά
860 2889 985 2963 τούτων
1010 2893 1110 2978 η)’
1082 2919 1130 2977 ειη
1148 2888 1247 2981 λόγος
1253 2945 1264 2976 ,

253 2985 297 3064 ὧν
318 2981 512 3074 πεισθέντες
533 3001 605 3075 τοῖς
626 2991 771 3085 δόγμασι
785 2985 899 3080 ἦλθον
914 2999 964 3066 ἐπί
986 3001 1111 3084 ταύτας
1139 3002 1265 3085 λέγοιεν

250 3096 315 3223 γάρ
348 3094 390 3167 ὀίν
415 3099 548 3178 δικαίως
580 3095 663 3222 πρὸς
695 3096 836 3180 άυτοός,
881 3104 910 3170 ἐι
941 3098 1095 3195 άιτιῷντο
1124 3095 1264 3180 άυτούς,

251 3197 304 3272 ότι
321 3199 367 3291 μὴ
390 3197 462 3271 όίόν
479 3226 512 3269 τε
533 3189 575 3285 ἦν
593 3200 723 3285 άυτοῖς,
745 3205 810 3272 τ’ών
826 3201 1049 3332 περιεστώτων
1070 3204 1173 3274 ὀντων
1194 3229 1264 3272 τοι-

251 3301 372 3389 ούτων,
405 3301 540 3375 άλλοῖόν
565 3332 597 3374 τι
623 3303 812 3399 πράττειν.
826 3302 895 3388 Ὀἷς
919 3311 988 3388 πῶς
1014 3304 1263 3398 ἐπιτιμήσουσιν

251 3405 392 3498 ἐυλόγως
412 3414 445 3477 οἱ
465 3405 523 3478 διά
543 3412 607 3478 τών
632 3407 805 3499 δογμάτων
826 3408 950 3480 τούτων
968 3409 1082 3491 ὀιυτοῖς
1103 3409 1262 3480 διδάσκω

252 3519 305 3581 λσι
343 3509 530 3601 γεγονότεςς
581 3515 709 3602 μᾶλλον
752 3517 788 3582 δέ
830 3511 905 3583 ὀύτε
934 3511 1149 3604 ἐπιτιμήσεις,
1186 3511 1261 3584 ὀύτε

249 3611 400 3696 κολάσεις
427 3619 489 3699 ι5),
535 3611 610 3684 ὀότε
637 3616 823 3744 προτροπὴ,
854 3614 929 3686 ὀύτε
950 3617 1050 3708 τιμὴ,
1087 3616 1152 3687 σότ
1177 3614 1261 3687 ἄλλό

250 3745 281 3787 τι
307 3722 371 3789 τῶν
393 3715 553 3790 τοιούτων
572 3718 631 3803 τὴν
653 3719 776 3790 οἰκείαν
796 3717 895 3792 σώσει
915 3720 985 3790 κατ’
1009 3720 1132 3802 άυτούς
1146 3717 1283 3820 φύσιν,

249 3819 357 3892 άλλ”’
337 3850 431 3893 εσται
454 3829 509 3892 καί
531 3821 654 3895 τούτων
674 3830 812 3895 ἕκαστον
834 3819 879 3907 ι4)
908 3822 1079 3948 γινόμενον
1096 3851 1260 3912 κατηναγ-

249 3931 436 4016 καομένας,
473 3920 579 4021 ώσπερ
620 3936 772 4010 νακεῖυα,
822 3927 871 4023 ἐφ’
903 3925 974 4010 όῖς
985 3933 1091 3999 ταῦτα
1127 3931 1259 4018 γίνεται
