2774 4756
271 373 333 440 284

354 493 429 606 diois
453 537 560 605 Havn.
585 534 759 621 elegantior
788 523 918 610 vulgata
951 515 993 600 ὥς
1022 516 1182 602 σώζονται
1214 524 1266 589 καὶ

221 833 224 838 ¹
293 751 326 830 3)
354 640 664 832 iiiiiinigiirov]
697 739 831 804 Aldinae
853 761 887 804 τε
909 733 1089 826 γινόμενον.
1132 739 1269 855 Vitioee.

209 897 216 908 ·
293 853 327 931 A)
355 845 467 916 τὰδὲ
453 847 488 926 ὲ]
524 849 572 911 Ita
594 847 703 910 ann.
727 842 810 906 Edd.
833 836 916 911 relt’.

294 955 327 1033 5)
356 946 464 1018 κατὰ
484 947 557 1030 τὴν
578 944 705 1029 Coloe]
727 942 881 1011 Dolori
864 943 928 1014 υττὸ
950 958 1020 1010 ante
1042 940 1125 1030 ζώου
1144 959 1272 1013 auctore
1315 997 1324 1010 .

362 1052 501 1119 Caselio.
547 1053 620 1132 (0.)

297 1159 329 1239 6)
358 1153 440 1226 ἀλλ’
466 1159 510 1223 ἐκ
530 1157 603 1223 τοῦ
623 1151 674 1243 μὴ
696 1150 919 1228 δύνασθαι
942 1152 986 1221 τὸ
1007 1154 1061 1244 μὴ
1088 1153 1275 1248 πεφυκὸς

361 1259 446 1340 eto.]
489 1263 600 1324 Locus
622 1259 736 1342 procul
759 1259 855 1330 dubio
878 1272 1065 1343 corruptus,
1094 1261 1181 1324 euius
1204 1281 1274 1324 sen·

362 1387 431 1430 sum
453 1364 596 1448 equidem
618 1363 772 1427 extricare
794 1385 858 1428 non
879 1363 982 1446 potui.
1015 1364 1152 1447 Videtur
1174 1375 1275 1427 tamen

363 1470 407 1533 ita
421 1470 543 1554 ¹legisoe
576 1479 608 1531 et
630 1466 803 1552 Bagolinus
826 1468 865 1530 ad
892 1468 1025 1530 verbnm
1058 1466 1103 1530 sie
1135 1480 1274 1543 vertens,

366 1572 427 1638 sed
447 1594 491 1637 en·
509 1592 549 1635 eo
570 1569 669 1654 qnod
681 1591 749 1633 non
765 1573 872 1650 possit
890 1569 986 1652 qnod
1002 1591 1070 1632 non
1087 1580 1208 1634 notum
1233 1581 1279 1635 est

367 1688 431 1741 ete.
459 1668 603 1748 Grotius,
627 1681 662 1732 ut
682 1692 723 1733 ex
745 1670 891 1734 versione
913 1671 978 1732 eius
1000 1682 1142 1752 apparet,
1166 1671 1280 1756 legisse

309 1787 312 1798 “
365 1775 491 1842 videtur
512 1770 580 1841 ἀλλ’
606 1775 720 1840 ἐκτοῦ
740 1769 786 1859 μὴ
807 1768 981 1839 δύνασθαι
1001 1774 1062 1838 τοῦ
1075 1771 1222 1866 πεφυκὸς
1234 1771 1280 1860 μὴ

367 1881 547 1970 πεφυκέναι
579 1877 645 1957 (vel
673 1879 844 1962 γίνεσθαι)
880 1877 1110 1940 Schulthessius
1132 1889 1279 1940 vertens:

369 1980 513 2046 tonderet
533 1982 607 2044 weil
627 2001 660 2044 es
679 1981 769 2042 noch
792 1981 851 2045 der
872 1977 989 2043 Natur
1013 1980 1067 2044 dee
1091 1980 1183 2062 Βίης
1160 2001 1198 2042 o
1224 2003 1281 2043 οτι-

292 2099 295 2112 *
370 2091 453 2163 mog
433 2081 524 2142 tien
548 2089 655 2147 wore,
676 2078 753 2142 dato
768 2100 801 2142 eo
818 2081 913 2142 nieht
929 2083 1102 2163 gemaene,
1122 2079 1239 2165 legit'
1215 2102 1281 2144 arne

369 2133 484 2246 dubio:
508 2175 617 2247 dle*
602 2205 637 2246 εκ
659 2183 718 2245 τοῦ
737 2206 784 2267 μη
771 2171 1017 2261 >donandae
984 2206 1023 2247 το
1038 2177 1124 2248 ὁύτω
1137 2180 1284 2276 πεφυκὸς

369 2282 414 2371 μὴ
437 2285 603 2369 γίνεσθαι.
647 2284 710 2350 Sed
731 2284 802 2356 vide
824 2285 942 2351 Notam
964 2298 1157 2370 sequentem.
1198 2287 1283 2352 Nro.
1317 2317 1320 2322 ·

371 2389 404 2450 8.
450 2386 522 2467 (O.)

313 2495 345 2574 t)
376 2485 425 2570 ὡς
446 2486 678 2573 ἀδύνατον]
702 2495 809 2557 Havn.
833 2505 866 2557 et
886 2494 1019 2558 Aldinae
1042 2493 1190 2559 omittunt
1212 2489 1265 2572 ὡς.

312 2597 345 2676 8)
375 2601 445 2662 καὶ
473 2591 701 2676 ἀδύνατον]
739 2599 830 2660 Haeo
857 2600 956 2660 verba
984 2599 1096 2661 absunt
1123 2597 1155 2660 in
1178 2599 1285 2661 Havn.

377 2700 450 2778 (0.)
484 2700 572 2764 Haeo
594 2700 722 2764 omissio
745 2701 826 2764 viam
841 2700 915 2764 mihi
929 2700 1052 2782 apernit
1065 2713 1167 2764 totum
1181 2702 1286 2766 locum

376 2804 418 2866 ita
441 2804 640 2867 emendandi:
679 2799 747 2870 ἀλλ’
778 2805 812 2870 ἐκ
845 2804 902 2869 τοῦ
922 2800 967 2890 μὴ
989 2799 1162 2870 δύνασθαι
1184 2799 1223 2868 τὸ
1243 2800 1289 2890 μὴ

373 2902 519 2998 πεφυκὸς
540 2901 652 2987 ὁύτως,
675 2902 777 2974 ὄντων
799 2907 861 2974 τῶν
880 2899 1100 2996 περιεστώτων
1121 2901 1289 2985 τοιούτων,
1342 2925 1350 2934 ·

375 3006 418 3088 ὡς
438 3005 602 3078 ἀδύνατον
622 3006 711 3102 ἁοτῴ
732 3006 777 3097 μὴ
798 3012 1024 3100 περιεστᾶοιιι,
1056 3003 1129 3076 τότε
1151 3010 1291 3090 (iunctim

376 3135 441 3176 non
473 3107 571 3193 τό,τε)
604 3110 711 3192 ἄλλως
742 3137 812 3191 πως
838 3117 893 3180 καὶ
919 3109 965 3200 μὴ
994 3108 1079 3181 ditor
1101 3115 1292 3196 κινηθῆναι.

374 3205 485 3297 (Coepi
507 3216 626 3294 Orell.)

317 3320 349 3394 9)
379 3311 536 3398 ταύτην
564 3307 591 3384 δ’
620 3316 728 3381 ilvae
758 3318 829 3395 τῆς
860 3307 1063 3396 τοιαύτης
1093 3309 1295 3396 κινήσεως

380 3417 489 3486 κατὰ
510 3416 659 3510 φύσιν]
682 3445 768 3486 κατα
790 3419 952 3482 delendum
973 3431 1065 3501 put0.
1089 3418 1161 3501 (O.)
1184 3417 1295 3480 Scribo

382 3517 469 3589 κάτω
492 3524 603 3606 (Oasp
626 3522 727 3592 Orell.
731 3530 743 3604 )
767 3522 817 3587 vel
838 3522 943 3604 potius
966 3523 1024 3603 τῆς
1046 3516 1143 3588 κάτω.
1179 3520 1253 3600 (0.)

298 3620 402 3705 ill)
381 3653 429 3704 ως
451 3626 492 3707 ἐξ
512 3621 717 3709 ἀναγκης]
740 3627 848 3688 Havn.
873 3637 904 3690 et
926 3624 1059 3688 Aldinae
1082 3622 1229 3689 omittunt
1244 3616 1295 3698 ὡς.

385 3729 491 3804 Male,
530 3750 600 3794 nam
629 3731 765 3809 pendent
792 3729 871 3792 haee
904 3729 1002 3790 verba
1024 3729 1063 3790 ab
1086 3724 1296 3798 antecedenti

384 3832 462 3900 bue:
485 3825 607 3912 ταύτην
630 3824 655 3902 δ’
681 3832 764 3898 ἑῐναι
786 3827 906 3922 φύσιν..
925 3828 1011 3914 ’(Ο.)
