2728 4758
169 359 297 454 ιιι
510 337 675 434 ’.,

232 527 399 624 ἔχεινκαὶ
429 525 605 613 γίνεσθαι,
641 512 787 618 ᾖέκεῖνα
812 521 969 604 συνέστη,
998 521 1089 590 ποιεῖ
1114 541 1149 586 ιι
1180 519 1237 586 καὶ

183 692 187 700 ,
232 627 372 752 πάσχει,
393 635 448 698 καὶ
465 626 525 705 τὰς
549 622 708 718 ημετέροις
733 620 840 716 ὁρμὰς
860 628 916 691 καὶ
937 625 1110 741 διαθέσεις
1135 619 1237 716 ταύτῃ

232 733 315 822 ἔχειν
340 727 382 811 ὡς
403 728 444 799 66
465 733 584 798 ἐκεῖναι
605 730 759 806 ποιῶσιν,
786 721 932 812 ἀνάχκην
956 720 1080 807 ταύτην
1104 730 1160 792 καὶ
1180 721 1241 804 τὴν

231 833 326 939 παρὰ
349 829 473 902 τούτων
501 833 547 910 εἰς
575 827 617 898 τά
641 826 722 897 ὄντα
746 822 922 954 έιςάχρυσι.
980 825 1057 896 Κάν
1085 824 1174 894 ἀλλα
1204 827 1241 892 δέ

233 963 284 1016 τις
312 931 449 1024 σώματα
476 930 610 1030 ἀρχδις
613 935 710 1024 διδῷ,
753 958 809 1000 και
837 935 871 998 έκ
904 926 1028 1003 τοῦτον
1056 928 1100 997 τὰ
1130 925 1242 998 πάντα

231 1042 430 1160 χίχνεσθαι,
452 1063 490 1133 ιη
475 1040 536 1119 ²)
559 1032 652 1128 παρὰ
673 1028 796 1102 τοῦτον
817 1029 963 1152 ἀυάχκη
966 1029 1130 1102 δουλεύειν
1150 1036 1246 1100 ποιεῖ

232 1141 276 1210 τὰ
311 1139 516 1210 ὄντα.οἱ
555 1141 589 1206 δὲ
630 1141 681 1205 ἐπὶ
715 1134 775 1220 τὴν
816 1140 874 1204 τοῦ
901 1135 1027 1216 παντὸς
1055 1133 1158 1226 ἀρχὴν
1188 1138 1241 1203 ἐλ-

203 1247 205 1250 ’
232 1241 357 1336 θόυτες
378 1239 430 1311 ἀπ’
455 1239 557 1325 ἀυτῆς
579 1227 830 1329 κατάχονσι’
784 1265 910 1321 ποντα,
933 1237 992 1307 διὰ
1010 1235 1141 1308 πάντων
1163 1264 1245 1332 φοι·

232 1344 385 1448 τὴσασαν
413 1342 524 1414 ἀιιὶαν
535 1396 545 1427 ,
580 1352 636 1412 καὶ
664 1340 786 1425 ταύτην
815 1339 853 1410 οῦ
882 1339 984 1468 μόνρν
1011 1345 1166 1410 κινοῦσαν
1195 1342 1243 1424 3),

233 1441 322 1518 αλλὰ
342 1475 398 1516 και
418 1450 581 1516 ποιοῦσαν
603 1451 726 1515 ἕκαστοι
748 1449 915 1534 λέγοντες,
938 1448 1142 1538 έιμαρμένην
1162 1439 1246 1514 τοῦ·
1265 1483 1274 1500 1

235 1579 302 1646 την
315 1557 371 1620 καὶ
392 1546 589 1642 ιινριοτάτην
610 1545 721 1617 ἀιτίαν
742 1553 898 1638 θέμενοι,
934 1543 1038 1631 ἀυτὴν
1066 1545 1171 1618 ὀῦσαν
1200 1543 1247 1616 τὰ

235 1651 361 1723 πάντα·
395 1649 432 1720 66
449 1649 552 1742 μόνον
574 1649 616 1719 τά
638 1643 767 1719 666⁰
748 1676 812 1718 666
833 1653 974 1773 χίνεται,
996 1647 1161 1720 ἀλλὰκαὶ
1182 1647 1247 1730 τὰς

221 1747 395 1879 [χχχιιετέροις
416 1750 644 1838 διανοήσεις
629 1781 663 1822 εκ
690 1780 749 1837 της
777 1756 896 1837 έκεινης
929 1751 1013 1824 ιε’ναι
1041 1749 1245 1874 κινημάτιυνῖ

157 1935 160 1942 ,
235 1865 307 1950 οἷον
338 1855 423 1942 ζώοο
441 1859 593 1976 μορίων
604 1886 650 1945 μη
679 1861 873 1982 κινουμένων
895 1853 1039 1924 ἑκάστων
1060 1853 1133 1938 έξ’
1114 1858 1242 1940 αυτῦν,

236 1965 271 2030 ἐκ
294 1964 328 2058 δι’
353 1963 411 2028 τοῦ
432 1956 670 2081 ηχεμονοῦνιος
691 1961 725 2028 έν
745 1955 871 2054 έκάστιμ
895 1963 957 2028 ιῦν
979 1956 1076 2042 ζώων.
1122 1956 1270 2028 ’Ἁλλοιε

211 2061 285 2134 ’δέ
307 2062 366 2147 τὴν
401 2065 460 2131 τοῦ
495 2061 619 2182 παντὸς
655 2060 766 2192 φορὰν
797 2067 1012 2156 περιέχουσαν
1043 2068 1098 2132 καὶ
1133 2059 1247 2132 πάντα

110 2167 113 2172 ’
234 2170 397 2237 ποιοῦσαν
425 2167 465 2262 τῇ
493 2163 633 2249 κινήσει,
669 2174 725 2235 καὶ
746 2172 816 2246 τοῖς
837 2167 901 2234 τῶν
923 2163 1054 2259 ἀστρων
1075 2169 1248 2256 πλανωμέ-

117 2307 120 2316 ·
164 2271 179 2282 ”
233 2296 299 2340 νων
327 2295 362 2338 τε
395 2275 451 2336 και
479 2267 632 2338 ἀπλανῶν
660 2274 788 2390 σχέσεσι
815 2276 870 2338 καὶ
899 2279 1140 2360 σχηματισμοῖς
1160 2267 1247 2363 πρὸς

235 2370 384 2456 ἀλληλα,
417 2369 474 2439 διά
496 2369 555 2456 τὴν
576 2376 610 2440 εἰι
633 2368 758 2440 τούτων
777 2368 960 2466 πρόῤῥησιν
981 2363 1009 2454 4)
1031 2366 1248 2462 πιστοῦμενοι

235 2479 359 2544 ἕκαστα
382 2475 536 2543 ἐντεῦθεν
556 2477 714 2562 γίνεσθαι
737 2471 877 2557 ἀξιοῦσι.
926 2478 996 2544 Καὶ
1016 2473 1083 2564 μὴν
1104 2482 1160 2544 καὶ
1182 2479 1248 2546 τῶν

235 2575 350 2670 ἀιτίοιν
371 2576 548 2669 έπιπλοκην
568 2576 651 2668 πρὸς
673 2576 823 2661 ἄλληλα,
860 2584 917 2646 καὶ
945 2575 1002 2646 τὸν
1024 2557 1195 2647 666666‘
1179 2607 1249 2667 ειρ-

236 2675 317 2768 μὸν,
354 2686 410 2747 καὶ
438 2677 477 2772 τὸ
509 2685 654 2749 ἕπεσθαι
685 2687 756 2760 τοῖς
776 2685 949 2773 προτέροις
970 2679 1020 2749 ἀει
1042 2680 1086 2748 τά
1106 2675 1248 2775 ῦστερα,

179 2796 198 2806 ’“
236 2789 293 2851 καὶ
321 2785 429 2876 ταῦτα
461 2779 506 2850 ἐπ’
537 2785 641 2851 ἐκεῖνα
669 2780 794 2856 ἀνιέναι
816 2780 900 2851 δι”
880 2786 996 2852 66666
988 2781 1168 2875 χενόμενα
1189 2793 1248 2854 καὶ

237 2883 316 2954 ἀνευ
343 2885 470 2953 ἐκείνων
499 2881 559 2978 666
588 2883 629 2954 66
656 2884 812 3009 γενόμενα
837 2883 1004 2956 δουλεύειν
1032 2913 1066 2955 τε
1088 2896 1158 2968 τοῖς
1180 2887 1247 2982 πρὸ

239 2973 349 3056 ἀυτῶν
377 2985 421 3054 66
447 2980 579 3081 ῦστερα.
632 2993 792 3058 T6666'
776 2993 804 3058 εί
831 3017 881 3071 τις
909 2996 1028 3078 λέχει,
1047 2994 1246 3114 έιμαριιένην

241 3093 353 3183 ἕτερον
375 3086 498 3209 τρόπον
513 3085 647 3180 έιςάχοιν
668 3095 832 3186 φαίνεται.
865 3091 1003 3191 Διττοῦς
1017 3093 1086 3163 δὲ”
1064 3122 1105 3164 αν
1120 3121 1170 3176 τις
1183 3100 1248 3164 θέ-

237 3219 334 3304 μενος
355 3200 412 3260 και
433 3190 570 3275 τούτους
592 3197 637 3277 5,)
659 3193 719 3263 οῦκ
740 3194 782 3265 66
803 3198 862 3265 τοῦ
884 3193 1077 3319 ἀληθοῦς
1055 3195 1246 3336 μποτυχχά-

239 3426 273 3466 οι
264 3347 348 3468 ’δὲ
353 3395 412 3498 οὐχ
434 3395 529 3468 ὁῦτω.
570 3398 804 3526 Λεχθησεται
828 3406 863 3470 δὲ
895 3411 968 3499 περὶ
989 3401 1122 3475 τοῦτον.
1172 3408 1246 3475 Νῦν

190 3499 194 3506 ’
241 3503 315 3570 δὲ
300 3507 350 3569 επὶ
371 3499 448 3582 τοῦς
468 3529 618 3595 πρωτονς
646 3501 731 3574 ἰτέον
759 3509 804 3598 τῷ
833 3501 939 3600 λόχῳ·
976 3504 1029 3576 εἰτ
1061 3510 1175 3602 έιμεξης
1203 3506 1245 3578 ιά

232 3605 303 3696 τῶν
325 3602 433 3699 ἀλλων
455 3609 670 3676 ἐπισκεπτέον.
