2774 4756
36 591 38 596 ’
157 589 192 669 5)
219 583 420 665 παιδιᾶς]
441 585 520 650 Ald.
542 586 576 650 2.
598 585 760 666 παιδείας.
781 586 883 653 Male.

155 693 190 772 6)
219 693 312 768 τοῖς
332 684 494 769 ἐιδόσι]
517 690 595 754 Ald.
618 690 651 754 2.
674 695 744 770 τοῖς
765 691 828 758 ἒῖσι
849 701 1014 775 corrupte.

154 795 190 876 7)
219 788 294 914 odd<
314 792 436 860 ἔσται
457 789 619 860 δυνατὰ
644 788 754 862 ἆυτδι
778 799 871 873 τοῖς
898 790 1036 861 εἰδόσι
1064 794 1135 860 δυ-

217 919 378 985 ναμενα
410 899 709 976 κεκωλυκέναι,
747 892 954 983 ἀγνοοῦσι
975 900 1018 964 δὲ
1038 890 1139 985 ἡμῖν

217 997 267 1066 τὰ
294 991 530 1080 κωλύοντα,
563 996 723 1066 δυνατοὶ
753 999 896 1082 ἔσται]
940 1000 993 1064 Sie
1019 999 1137 1083 optime

218 1101 363 1169 correxit
384 1101 487 1167 editor
502 1100 713 1166 Londinensis
735 1104 835 1166 verba
856 1101 1001 1186 priorum
1022 1103 1135 1168 editio·

218 1229 304 1284 num,
329 1199 389 1272 οὐκ
407 1204 501 1272 ἔσται
519 1201 646 1272 δυνατοὶ
667 1201 747 1272 ὄντα
762 1208 915 1284 δυνατοῖς
935 1207 999 1272 leae
1014 1208 1136 1286 (Havn.

136 1338 139 1346 ⁴
219 1303 324 1376 ἐιδόσι
340 1310 441 1390 recte)
464 1313 525 1395 μὲν
550 1303 639 1376 detti
659 1311 890 1386 κεκωλυκέναι,
925 1303 1084 1394 ἀγνοοῦσι
1100 1311 1138 1376 δὲ

218 1407 273 1506 ὑφ’
306 1405 397 1499 ἡμῶν
422 1406 600 1489 κωλύοντες
628 1407 753 1478 δυνατὰ
781 1409 892 1491 ἔσται,
932 1433 1014 1496 quae
1042 1431 1136 1474 sensu

219 1535 309 1578 cassa
330 1524 413 1578 sunt.
457 1513 557 1598 Atqui
574 1514 678 1577 dicere
692 1514 761 1577 urlt
781 1525 913 1579 auctor:
938 1515 1061 1579 vatibus
1083 1516 1137 1579 vel

219 1614 252 1679 in
274 1637 390 1702 genere
412 1616 513 1681 doctis
535 1637 704 1702 rerumque
725 1617 852 1701 peritis,
887 1615 941 1701 qui
961 1617 1138 1702 intelligant

165 1723 167 1731 '
219 1741 329 1783 causas
350 1718 575 1801 impedientes,
613 1721 779 1804 quominus
809 1741 861 1784 res
889 1720 960 1785 lieri
990 1721 1135 1803 possint,

130 1897 137 1912 x
219 1823 316 1886 multa
338 1820 439 1885 videri
460 1820 687 1904 impossibilia,
726 1845 807 1906 quae
823 1823 986 1906 imperitis
1009 1845 1137 1888 causas·

221 1945 282 2010 que
303 1924 377 1988 istas
398 1925 620 2010 ignorantibus
642 1925 808 1990 videantur
830 1926 1007 2008 possibilia.
1062 1926 1134 2003 Sin,

218 2037 342 2092 utrem
364 2028 511 2111 exemplo
532 2028 741 2105 illustremus,
764 2027 861 2092 turris
884 2028 936 2092 vel
958 2031 1038 2093 adeo
1059 2030 1137 2092 urbs

221 2152 239 2194 e
261 2128 392 2216 gemmis
413 2140 468 2195 aut
488 2130 665 2215 margaritis
694 2126 888 2194 constructa
904 2129 1056 2214 imperitis
1084 2151 1138 2194 res

221 2233 323 2298 videri
342 2244 450 2315 potest
469 2233 649 2315 possibilis,
673 2233 775 2298 doctis
797 2254 875 2298 vero
897 2254 1067 2317 rerumque
1080 2255 1140 2317 pe-

222 2335 290 2400 ritis
311 2336 403 2418 plane
424 2335 644 2419 impossibilis,
668 2335 839 2400 scientibus
862 2336 997 2420 quippe,
1020 2335 1052 2399 in
1067 2348 1139 2401 toto

222 2451 380 2504 terrarum
411 2440 491 2502 orbe
518 2460 671 2523 nusquam
693 2450 812 2504 tantum
835 2438 1027 2524 gemmarum
1048 2439 1139 2506 inve-

223 2542 301 2620 niri,
325 2553 361 2605 ut
382 2542 459 2608 urbs
481 2540 554 2605 inde
576 2541 718 2608 construi
737 2541 852 2624 possit·
896 2542 976 2623 (0.)

157 2647 192 2728 8)
220 2644 406 2713 δυνατοῦ
428 2638 561 2721 ὁύτως
582 2646 838 2729 λεγομένου,
867 2637 918 2722 ὡς
938 2643 1141 2735 uentiqu-

222 2747 314 2826 ται]
336 2749 531 2833 λεγομένου,
553 2749 640 2830 quod
660 2757 748 2810 reete
760 2747 844 2812 addit
858 2749 909 2824 ed,
925 2749 1034 2814 Lond.
1050 2748 1140 2812 abest

222 2851 255 2916 in
275 2849 400 2914 Aldinis
423 2860 454 2914 et
476 2848 583 2915 Casel.
627 2848 701 2929 (Ο.)
909 2905 911 2910 ,

159 2955 194 3035 9)
221 2948 350 3021 Ἀλλὰ
369 2954 496 3019 τοῦτο
517 2957 591 3039 μὲν
611 2944 851 3032 παιζόντων
872 2951 958 3033 ete]
976 2947 1038 3018 'sie
1060 2954 1144 3022 edidi

101 3121 108 3138 ,
199 3079 266 3140 ¹en
294 3055 403 3120 Ham.
433 3055 530 3120 Mon.
563 3064 595 3118 et
626 3054 705 3118 Ald.
735 3053 767 3118 2.
804 3053 883 3118 Ald.
914 3067 1017 3122 autem
1047 3059 1078 3121 1.
1108 3069 1143 3122 et

225 3159 335 3222 Lond.
357 3159 487 3222 habent.
526 3153 638 3225 ’Λλλόι
665 3158 772 3224 ταῦτα
792 3164 853 3244 μὲν
873 3154 1056 3241 παιζόντων
1077 3173 1141 3227 ete.

224 3270 344 3342 puncto
365 3258 622 3346 interrogationis
643 3260 751 3342 posito
775 3272 851 3343 post
872 3255 1023 3348 δόγματι.
1066 3264 1141 3343 (Ο.)

142 3368 197 3446 10)
225 3364 575 3456 παρισταμένων]
610 3364 687 3430 Ald.
711 3364 743 3427 2.
774 3362 974 3429 vitiosissime
1001 3362 1142 3454 ιτεριστοὶ

224 3491 317 3558 μενα.
409 3525 411 3532 ⁴
938 3499 940 3504 ·

86 3601 89 3610 ¹
142 3572 197 3652 11)
225 3575 293 3637 καὶ
314 3563 360 3635 τὸ
382 3562 520 3654 λέγειν
541 3562 586 3633 τὸ
608 3562 790 3650 ἆξὶωαα]
813 3568 891 3634 Ald.
913 3569 946 3634 2.
964 3573 1019 3636 καλ
1037 3566 1076 3636 τὸ
1091 3574 1142 3638 λέ·

227 3693 295 3760 γειν
316 3677 372 3740 καὶ
393 3669 432 3738 τὸ
453 3666 591 3756 ἀξίωμα.
849 3736 855 3752 Ι

143 3778 198 3858 12)
227 3773 397 3843 ἐπειδὰν
418 3765 447 3841 δ’
469 3769 491 3853 ἡ
512 3772 727 3860 ναυμαχία
756 3773 952 3860 γένηται]
988 3768 1018 3842 δ’
1039 3775 1142 3842 addidi

227 3899 269 3942 ex
291 3877 369 3942 Ald.
391 3879 424 3942 2.
461 3876 535 3956 (Ο.)
1113 3867 1121 3880 ’

147 3981 200 4061 ts)
229 3981 413 4048 ἔσεσθαι
435 3975 697 4065 ναυμαχίαν]
720 3979 796 4043 Ald.
810 3978 842 4042 2.
855 3977 963 4045 ἔσεται
978 3993 1142 4065 corrupte.
