2728 4758
240 405 300 468 172

234 598 287 644 σιν
307 571 512 652 ἀπαντῶντες
539 566 631 658 ἡμεῖς
659 562 745 634 κατά
765 561 825 647 τὴν
847 567 905 634 τοῦ
926 565 1027 635 θείου
1044 561 1242 659 Ιαμβλίχνυ

234 673 401 770 ὑφήγησιν
425 679 468 758 ¹,)
489 670 531 740 τά
552 667 702 765 διάφορα
723 673 828 762 μέτρα
850 671 913 737 τών
933 665 1082 756 γνώσεων
1103 674 1244 792 διαιρεῖν

235 776 414 868 ἀξιώσομεν
435 781 598 864 λέγοντες,
635 770 678 852 ὡς
706 768 727 854 ἡ
753 774 872 862 γνῶσις
890 777 982 900 μέση
1012 769 1098 841 ὀόσα
1126 779 1187 844 τοῦ
1208 801 1274 844 τε·

235 877 451 970 γινώσκοντος
465 885 520 947 καὶ
534 879 594 946 τοῦ
605 879 861 964 γινωσκομένου,
883 877 969 967 ἐίπερ
991 878 1117 946 ἐστιν’
1101 882 1244 969 ενέργεια

236 986 297 1052 τοῦ
311 980 528 1072 γινώσκοντος
547 987 621 1072 περὶ
641 977 681 1046 τό
695 974 962 1066 γινωσκι’μενον,.
972 975 1044 1047 όῑον
1061 982 1121 1064 τῆς
1135 979 1246 1074 ὄφεως

237 1094 312 1179 περὶ
333 1085 372 1154 τό
393 1083 524 1166 λευκόν,
560 1081 640 1152 ποτέ
669 1091 730 1171 μὲν
751 1078 943 1174 κρειττόνως
963 1079 1113 1169 γινώσκει
1135 1082 1176 1152 τό
1195 1113 1248 1173 γι-

235 1186 440 1279 νωσκόμενον
460 1191 519 1270 τῆς
540 1183 643 1255 ἀυτοῦ
665 1187 725 1253 τοῦ
753 1185 900 1271 γνωστοῦ
927 1181 1072 1278 φάσεως,
1105 1196 1186 1256 ποτὲ
1208 1191 1246 1256 δέ

232 1289 405 1385 χειρόνως,
433 1299 513 1360 ποτέ
535 1293 572 1358 δέ
594 1289 783 1378 σοστοίχως.
817 1280 899 1356 Ὅτι
919 1297 981 1376 μέν
1000 1287 1065 1382 γάρ
1087 1287 1146 1359 τόν
1165 1295 1247 1361 νοῦν
1327 1273 1333 1292 ’

236 1393 295 1464 τόν
315 1391 472 1487 ἡμέτερον
493 1391 555 1473 τὰς
575 1388 750 1470 πολιτικάς
777 1391 841 1457 τῶν
868 1389 1015 1482 πράξεων
1041 1395 1247 1485 προχειριζό-

233 1517 353 1589 μενον,
378 1503 512 1584 λέγομεν
532 1492 700 1584 γινώσκειν
722 1491 765 1560 τά
785 1497 985 1562 καθὲκαστοι
1007 1498 1070 1563 τῶν
1090 1495 1246 1588 πραγμά-

235 1627 300 1670 των
321 1600 541 1695 ἀναφέροντες
561 1600 668 1666 ταῦτα
690 1599 742 1664 ε’πί
762 1592 806 1663 τά
826 1593 1003 1679 καθόλου,
1026 1605 1082 1667 καὶ
1102 1597 1142 1667 δι’
1166 1603 1247 1672 ἐκεί-

234 1730 298 1774 νων
320 1700 363 1783 ώς
383 1701 508 1772 οἰκείων
529 1697 696 1789 γινώσκειν
717 1696 805 1768 ἀντά
824 1697 1039 1793 πειρώμενον,
1071 1705 1172 1785 δῆλον
1193 1697 1247 1774 ότι

234 1808 404 1902 κρείττονα
432 1807 538 1874 ταῦτα
568 1806 702 1896 ἐροῦμεν
731 1807 816 1872 ε’ίνοιι
842 1806 902 1874 τοῦ
922 1811 1163 1896 γινωσκομένου
1186 1806 1248 1891 τὴν

236 1913 357 1998 γνῶσιν
364 1962 373 1992 ,
410 1911 496 2002 ίίπερ
524 1905 681 2002 μεριστόν
699 1915 761 1994 μέν
781 1912 835 1974 καὶ
858 1909 892 1976 έν
911 1911 1079 2004 μεταβολῇ
1100 1907 1138 1979 τό
1160 1909 1245 1980 καθ’

236 2017 394 2095 ἕκαστον,
416 2007 435 2079 ό
457 2015 494 2080 δὲ
516 2009 615 2099 λόγος
636 2007 718 2078 καθ’
742 2004 782 2079 όν
802 2012 911 2079 ταῦτα
933 2005 952 2078 ὁ
973 2014 1050 2090 νοός
1071 2008 1249 2104 όπρακτι·

236 2115 295 2197 κός
314 2112 478 2204 γινώσκει,
512 2110 699 2204 ἀδιαίρετός
720 2139 754 2182 τε
776 2121 832 2182 καὶ
853 2109 1092 2202 ἀμετάβλητος.
1139 2109 1247 2186 Ὅταν

235 2223 271 2287 δέ
304 2218 405 2300 ἀστός
432 2218 516 2312 πρὸς
543 2215 661 2287 ἑαυτὸν
657 2213 963 2340 ἐπιστρεφόμενος
990 2224 1057 2287 καὶ·
1078 2216 1164 2288 κατά
1185 2220 1250 2302 τάς

236 2320 499 2414 καθαρτικάς’
483 2324 618 2415 ινεργών
648 2317 767 2413 ἀρετάς
796 2319 855 2404 τὴν
887 2318 1003 2390 οὐσίαν
1035 2319 1094 2405 την
1126 2326 1249 2394 ἑαυτοῦ

234 2428 366 2521 θεωρῇ,
403 2422 578 2514 σόστοιχον
606 2427 690 2492 εἰναι
720 2419 847 2512 ἀνάγκη
874 2425 920 2518 τῷ
939 2430 1166 2522 γινωσκομένην
1188 2427 1249 2512 τὴν

237 2531 365 2656 χνώσιν.
398 2520 504 2597 Ὅταν
525 2531 562 2594 δέ
581 2553 617 2615 γε
638 2524 836 2596 ἀνελθών
820 2534 871 2594 επὶ
900 2525 939 2595 τό
969 2525 1156 2620 ἀκρότατον
1188 2534 1247 2615 τῆς

237 2633 358 2700 ἑαυτοῦ
390 2627 592 2713 τελειότητος
628 2638 683 2698 καὶ
712 2628 772 2710 τάς
800 2629 1012 2722 θεωρητικὰς
1039 2635 1103 2701 τῶν
1125 2628 1251 2725 ἀρετῶν

236 2729 519 2826 προχειριζόμενος
546 2737 661 2830 δεωρη
688 2731 731 2802 τά
759 2737 918 2824 περὶτῶν
939 2735 1044 2804 θείων
1065 2733 1249 2823 διακοσμη

236 2861 335 2919 οεων,
363 2843 419 2904 καὶ
441 2827 528 2915 ίίπως
550 2839 584 2904 ἐκ
605 2839 664 2919 τῆς
684 2839 764 2926 μιάς
786 2837 849 2904 τών
870 2833 1001 2906 πάντων
1023 2834 1125 2961 ἀρχῆς
1147 2835 1249 2910 ἀκταὶ

235 2935 460 3062 παράγονται,
482 2946 538 3007 καὶ
558 2942 609 3020 τίς
631 2936 769 3022 ἑκάστης
789 2967 810 3022 η
833 2937 976 3022 ἰδιότης,
1005 2942 1141 3034 χείρονα
1163 2946 1249 3014 ε’ῑναι

235 3039 361 3130 ἀνάγκη
384 3045 442 3111 τοῦ
468 3048 777 3131 γινωσκομένου]
737 3041 799 3126 τὴν
829 3047 957 3130 γνῶσιν.
1020 3041 1204 3114 Τούτων’
1188 3050 1248 3115 σόν

236 3142 340 3225 όότως
355 3143 508 3235 ἑχόντων,
531 3149 646 3238 ῥητέον
660 3145 739 3226 τοὺς
754 3143 860 3225 θεοὺς
873 3143 1043 3232 γινώσκειν
1055 3157 1116 3222 ιιέν
1137 3145 1248 3218 πάντα

215 3247 279 3316 ,τά
299 3246 478 3336 γεγονότα,
502 3257 557 3316 καί
579 3246 621 3316 τά
643 3247 724 3316 ὄντα
735 3300 744 3331 ,
766 3255 822 3316 καί
842 3247 886 3316 τά
907 3247 1048 3340 ἐσόμενα
1068 3249 1091 3335 ἢ
1111 3257 1248 3339 μέλλον-

234 3379 277 3420 τα
300 3350 357 3420 τόν
378 3357 475 3434 θεοῖς
495 3349 703 3445 προςάκοντα
725 3348 869 3444 τρόπον,
910 3357 1011 3423 τοῦτο
1032 3358 1069 3422 δέ
1090 3359 1160 3423 ἐστι
1181 3360 1246 3458 μιᾷ

234 3463 291 3524 καὶ
313 3452 470 3552 ὡρισμένη
500 3463 555 3524 καὶ
584 3451 842 3548 ἀμεταβάτῳέ)
874 3453 1008 3544 γνώσει,
1045 3454 1158 3552 διόπερ
1189 3467 1246 3528 καὶ

235 3560 300 3626 τών
321 3561 532 3686 ἐνδεχομένων
559 3562 804 3680 περιειληφέναι
833 3555 892 3641 την
924 3562 1067 3643 ε’ίδησιν,
1104 3554 1162 3630 ίίτε
1190 3570 1248 3632 και

235 3657 346 3730 πάντα
368 3659 410 3729 τά
431 3664 465 3729 έν
485 3662 531 3727 τώ
553 3657 666 3753 κόσμῳ
687 3657 919 3753 παράγοντας,
947 3671 1003 3732 καί
1024 3667 1089 3733 τών
1109 3663 1213 3754 μέν’
1192 3680 1245 3734 αι·-

233 3766 310 3834 δίων
332 3761 452 3866 οὐσιῶν
473 3761 599 3842 ἀιτίσνς
621 3761 736 3844 ὄντας,
775 3768 839 3834 τῶν
866 3769 901 3835 δὲ
887 3771 1083 3853 ὲγεννητών
1104 3795 1242 3858 προςαι-

232 3870 340 3948 τίσυς,
362 3859 452 3934 κατά
470 3864 530 3944 τάς
552 3862 674 3946 οικείας
694 3864 846 3948 ἑκάστοις
867 3867 975 3938 ἀυτῶν
989 3874 1165 3964 ἐνεργείας,
1188 3881 1244 3940 καί

235 3968 306 4040 όίον
328 3966 474 4062 ὁρῶντας
496 3966 555 4037 οὐκ
576 3965 681 4050 ἀντάς
701 3968 804 4059 μόνον
826 3970 887 4052 τὰς
909 3971 1043 4056 οὐσίας,
1081 3974 1168 4046 ἀλλά
1192 3982 1245 4044 καὶ
