2758 4760
1055 464 1114 533 tte

115 627 241 692 lavetur
266 647 366 704 nunc;
402 637 453 690 aut
478 629 546 692 heri
571 629 654 694 lotus
680 630 720 693 sit
742 629 913 708 Socrates,
949 652 1026 694 vera
1057 632 1116 695 erit

81 729 87 746 '
116 732 201 795 nens
223 731 412 797 enuntiatio:
448 732 596 796 Socrates
614 733 720 810 lavat,
753 731 901 798 Socrates
926 734 997 798 heri
1021 734 1118 818 lavit3

114 857 234 920 negans
257 857 337 900 vero
361 835 483 913 oratio,
522 857 601 918 qnae
623 836 748 900 auferre
776 837 885 902 nititur
905 837 938 901 id
959 841 1046 921 quod
1071 849 1119 902 est

117 951 170 1002 aut
192 939 269 1016 suit,
309 938 474 1004 manifesto
499 938 578 1002 salsa
599 951 659 1002 est.
710 938 834 1004 Contra
855 941 883 1004 si
907 963 1007 1025 neque
1032 942 1118 1006 lavet

115 1065 220 1120 nune,
260 1062 362 1125 neque
386 1041 457 1106 heri
482 1031 596 1106 laverit
621 1042 792 1120 Socrates,
831 1029 997 1128 negantem
1020 1066 1119 1108 enun-

115 1146 277 1218 tiationem
299 1146 367 1209 sive
386 1148 423 1208 de
441 1146 617 1227 praesenti,
653 1146 721 1210 sive
739 1149 776 1208 de
792 1148 964 1228 praeterito
987 1161 1119 1214 sumtam
1170 1227 1174 1250 t

116 1272 225 1314 veram
244 1271 312 1313 esse
330 1270 458 1312 necesse
485 1262 554 1326 est,
594 1261 706 1318 contra
731 1271 799 1312 eam
822 1271 905 1332 quae
926 1250 959 1313 id
980 1251 1022 1314 ait
1051 1273 1119 1314 esse

116 1365 167 1416 aut
194 1353 311 1429 luisse,
347 1355 435 1436 quod
465 1373 525 1414 nec
554 1365 617 1429 est,
657 1375 715 1416 nec
739 1353 821 1430 luit,
855 1351 979 1417 falsam.
1024 1353 1120 1418 Circa

115 1471 238 1540 tempus
265 1477 345 1519 vero
372 1457 514 1520 futurum
540 1455 614 1550 dicit
635 1457 727 1542 etiam
755 1456 800 1528 ins
816 1455 863 1519 eis*
891 1456 1119 1520 enuntiationes
1200 1447 1202 1456 ¹

115 1565 152 1625 de
180 1582 217 1622 re
242 1580 366 1644 quaque
398 1570 452 1622 aut
478 1582 570 1624 veras
596 1581 664 1623 esse
689 1572 743 1622 aut
770 1560 887 1638 salsas,
907 1583 987 1650 'nou
1015 1571 1119 1624 tamen

115 1668 226 1729 eodem
248 1666 345 1727 modo
368 1685 433 1746 quo
455 1664 683 1746 eirca.tempus
704 1675 757 1725 aut
777 1685 926 1746 praesens
953 1676 1005 1728 aut
1015 1658 1120 1747 'prac-

95 1752 255 1832 teritum.
299 1768 413 1850 Neque
433 1767 514 1830 enim
536 1767 661 1830 definite
680 1767 740 1830 dici
761 1779 889 1852 potest,
921 1779 991 1831 utra
1013 1789 1120 1831 earum
1166 1755 1172 1768 ⁸

114 1893 191 1936 vera
219 1869 259 1933 sit
283 1870 407 1947 sutura,
440 1884 513 1934 utra
537 1870 635 1947 salsa,
666 1871 815 1954 quamdiu
832 1885 971 1936 resnou
993 1871 1117 1947 evenit,

114 1983 285 2060 potestque
307 1973 361 2038 vel
382 1975 509 2038 evenire
531 1975 584 2038 vel
606 1987 671 2038 nou
694 1973 834 2038 evenire.

571 2083 603 2154 §.
633 2079 666 2140 2.

179 2183 247 2245 Ista
266 2201 346 2264 quae
364 2180 417 2244 hie
439 2183 480 2243 ab
501 2180 677 2246 Aristotele
699 2194 846 2248 movetur
868 2181 1010 2266 quaestio
1032 2181 1120 2246 vide·

115 2299 167 2349 tttr
196 2283 321 2369 quidem
343 2287 383 2347 ad
409 2286 491 2348 hanc
516 2285 692 2369 disputandi
717 2298 816 2350 artem
840 2285 1019 2368 pertinere:
1049 2307 1119 2349 cae-

114 2401 219 2460 terum
237 2392 277 2454 ad
298 2409 406 2452 omnes
424 2388 773 2472 philosophiae'partes
792 2412 882 2452 usum
895 2391 992 2452 habet
1011 2378 1133 2454 neces-¹

115 2493 245 2557 sarium.
289 2484 371 2556 Nam
397 2495 437 2555 ad
466 2491 619 2570 moralem
647 2507 769 2578 partem
794 2493 963 2576 sapientiae
992 2494 1120 2559 omnino

115 2598 148 2665 id
165 2596 281 2661 assumi
306 2617 437 2661 necesse
459 2608 530 2674 est,
564 2619 629 2662 uon
653 2598 759 2673 omnia
779 2620 820 2660 ex
846 2596 1030 2670 necessitate
1051 2619 1121 2660 esse

116 2725 153 2766 ac
174 2700 263 2778 fieri,
288 2703 343 2763 sed
362 2722 431 2763 esse
446 2712 477 2763 et
495 2703 648 2783 quaedam
670 2701 701 2764 in
722 2713 832 2765 nostra
845 2712 1015 2783 potestate.
1040 2701 1122 2782 Quia

41 2789 44 2798 Ι
116 2806 199 2868 enim
219 2807 412 2888 quarundam
440 2804 597 2890 actionum
620 2826 725 2866 sumus
749 2805 889 2882 domini,
922 2804 1007 2867 etin
1028 2804 1121 2866 nobis

117 2922 174 2976 est.
195 2910 275 2971 hace
308 2909 383 2972 talia
409 2909 549 2993 deligere
578 2891 631 2970 aut
659 2930 724 2972 non
751 2908 908 2992 deligere,
941 2908 1048 2970 facere
1071 2919 1123 2970 aut

48 3049 52 3096 ς
115 3034 181 3076 non
208 3012 334 3088 facere,
373 3011 445 3080 ideo
479 3015 633 3095 quosdam
666 3009 795 3074 dilectus
832 3031 900 3073 esse
927 3010 1121 3086 laudabiles,
1175 3093 1179 3104 Ι

116 3115 195 3179 alios
225 3115 402 3199 vituperari
433 3117 546 3202 dignos
578 3116 730 3190 dicimus,
770 3113 938 3196 itidemque
969 3113 1121 3178 actiones.

116 3220 162 3284 Et
187 3221 227 3282 ad
254 3220 402 3284 honestas
426 3220 550 3304 quidem
576 3232 607 3284 et
632 3221 750 3303 probas
780 3217 858 3280 alios
892 3217 1038 3280 volumus
1068 3220 1123 3280 ad-

115 3322 258 3400 hortari,
284 3324 447 3388 dehortari
468 3347 548 3391 vero
568 3348 585 3389 a
604 3323 786 3389 contrariis.
831 3323 955 3384 Verum
973 3319 1064 3390 etiam
1085 3323 1124 3383 ad

34 3423 42 3436 ‘
116 3438 247 3489 naturae
263 3427 478 3512 cognitionem
496 3429 581 3493 utilis
597 3429 723 3492 videtur
742 3427 821 3488 haec
839 3423 995 3509 quaestio.
1040 3425 1124 3486 Nam

8 3562 16 3573 ι
116 3541 149 3592 et
173 3541 304 3596 nattuae
326 3544 487 3597 scrutator
515 3534 597 3597 solet
626 3552 778 3616 quaerere
808 3551 847 3592 an
876 3527 979 3592 omnia
1003 3549 1043 3590 ex
1068 3549 1124 3590 ne·

116 3633 262 3696 cessitate
285 3635 383 3713 liant,
422 3659 462 3699 an
484 3657 564 3700 vero
591 3635 740 3698 nonnulla
758 3635 843 3698 forte
869 3644 900 3696 et
929 3653 1015 3694 casu.
1061 3631 1125 3695 Sed

114 3756 217 3820 neque
247 3726 348 3805 minus'
380 3743 419 3803 ad
446 3739 623 3824 disputandi
649 3751 748 3802 artem
769 3740 832 3800 hoc
853 3735 1002 3819 pertinet.
1048 3736 1124 3798 Hoc

116 3859 199 3925 ergo
222 3839 283 3903 iam
306 3843 485 3924 quaeritur,
520 3866 558 3906 an
583 3841 682 3906 omnis
709 3839 917 3925 repugnantia
937 3837 1124 3910 enuntiatio-

115 3963 190 4005 num
219 3944 345 4006 defmite
372 3968 405 4008 se
436 3949 594 4032 dispescat
630 3945 662 4008 in
692 3945 803 4007 verum
835 3955 865 4004 ct
904 3941 1036 4017 salsum,
1084 3964 1123 4003 an

110 4049 263 4128 quaedam
303 4048 475 4114 indefinite.
538 4051 601 4116 Sed
634 4061 665 4112 et
704 4047 735 4112 in
775 4046 908 4127 primam
940 4045 1122 4129 sapientiam
1201 4052 1204 4065 ¹
