2804 4762
266 421 308 486 28

261 584 374 680 χάραν
398 587 482 678 ἔχει,
521 583 565 667 ὥς
589 588 647 655 καὶ
668 579 755 653 ἀντὸ
780 581 820 652 τό
845 579 973 679 ὁπότερ’
990 584 1080 674 ίτυχτ
1101 576 1273 670 λεγόμενον

263 696 355 758 ποιεῖ
371 685 551 782 γνώριμον,
582 685 626 757 τά
646 683 676 756 δ’
699 689 732 770 ἐξ
753 682 898 775 ἀνάγκης
914 689 946 770 ²)
962 685 1025 756 ὀἀκ
1046 685 1206 775 ἐνδέχεται
1226 683 1272 770 μὴ

263 794 431 881 γίνεσθαι.
473 796 570 880 Λέγω
587 795 623 860 δὲ
635 793 662 874 5)
678 789 717 859 τὸ
730 787 911 879 ἀναγκαῖον
925 788 988 859 οὐκ
1008 793 1059 858 ἐπὶ
1073 791 1134 856 τοῦ
1147 790 1208 880 βίᾳ
1222 811 1273 873 γι-

262 899 418 984 νομένου,
438 899 521 985 μηδὲ
533 891 621 962 κατὰ
634 890 757 962 τούτου
770 901 820 972 τίς
832 896 1001 962 ἐνθυνέτιο
1014 888 1177 980 τόύνόμα,
1201 885 1270 957 ἀλλ’

262 999 316 1066 ἐπὶ
331 1001 397 1066 τῶν·
408 994 508 1092 φύσει
521 1001 697 1086 γινομένων
712 989 741 1078 6)
756 992 820 1064 ὑπό
832 1021 939 1077 τινων,
952 986 997 1065 ὧν
1012 993 1054 1062 τά
1069 991 1273 1080 ἀντικείμενα

262 1096 426 1170 ἀδύνατον
444 1101 491 1184 ἐίη
505 1103 668 1188 γενέσθαι
686 1101 725 1180 ⁵).
767 1101 839 1166 Καί
860 1124 915 1167 τοι
930 1099 998 1178 πῶς
1016 1095 1077 1166 οὐκ
1092 1094 1202 1165 ἀτοπα
1216 1101 1273 1163 καί
1329 1173 1331 1178 ,

260 1199 356 1295 παρὰ
375 1199 419 1270 τά
437 1204 558 1296 ἐναργῆ
577 1207 635 1270 καὶ
654 1204 750 1324 μέχρι
764 1197 889 1276 τούτων
903 1198 962 1284 τὴν
975 1197 1120 1289 ἀνάγκης
1133 1203 1272 1291 προελη

261 1310 406 1375 λυθίναι
419 1300 583 1394 λέγειν,
561 1332 605 1384 ως
617 1301 699 1394 μήτε
714 1305 895 1386 κινηθῆναί
909 1329 984 1372 τινα
995 1301 1169 1372 δύνασθαι
1182 1304 1272 1386 κίνη-

261 1409 315 1477 σίν
327 1419 423 1491 τίνα,
442 1405 523 1496 μήτε
537 1408 669 1489 κινῆσαί
689 1431 722 1473 τι
742 1408 806 1473 τάν
821 1403 924 1474 ἀντοῦ
908 1408 1044 1527 μερῶν
1058 1401 1104 1488 6,)
1124 1400 1166 1490 ῆν
1185 1407 1273 1488 κίνηα

260 1535 315 1580 σιν
325 1518 382 1579 καὶ
390 1539 440 1629 μη
427 1508 627 1580 κινεῖσθαι
638 1503 805 1590 τότε)
767 1503 839 1575 οιόν
852 1533 888 1576 το
902 1495 943 1590 ῆν
951 1559 960 1589 ,
982 1505 1115 1576 ἀλλὰ
1081 1533 1140 1590 την
1154 1508 1271 1597 τυχοῦ-

260 1638 326 1682 σαν
345 1615 406 1682 τοῆ
430 1607 597 1704 τραχήλου
620 1607 861 1704 περιστροφὴν,
901 1616 959 1679 καὶ
982 1608 1041 1692 τῆν
1063 1606 1227 1678 δακτύλου
1241 1609 1270 1691 6)

259 1713 349 1796 τινὸς
363 1715 504 1797 ἔκτασιν,
518 1719 574 1782 καί
588 1710 627 1781 τὸ
642 1717 763 1805 ἕπᾷραι
776 1711 819 1781 τὰ
832 1716 989 1807 βλέφαρα
1003 1711 1025 1796 ἢ
1039 1719 1070 1782 τὶ
1084 1715 1147 1781 τῶν
1160 1708 1275 1782 τοιοάν

259 1845 342 1901 των,
367 1820 630 1938 προηγουμέναις
642 1823 729 1884 τισὶν
743 1812 867 1895 ἀιτίαις
879 1811 1046 1904 ἑπόμενον,
1067 1811 1137 1884 ἀλλ’
1155 1810 1198 1895 ὡς
1211 1811 1267 1909 ἀφ’

259 1918 351 2012 ἡμῶν
369 1917 415 2010 μῆ
437 1916 611 1990 δύνασθαι
631 1920 789 2008 γίνεσθαί
803 1945 902 2002 ποτες
931 1925 987 1987 καὶ
1001 1921 1108 1987 ταῦτα
1122 1913 1270 2010 ὁρῶντας

258 2026 293 2094 ἐν
309 2028 379 2102 τοῖς
396 2017 470 2091 ὃῆσί
488 2047 523 2090 τε
543 2027 601 2090 καλ
624 2025 807 2110 γινομένοις
827 2019 992 2104 πολλὴν
976 2025 1080 2092 οὕσαν
1101 2018 1270 2116 διαφορὰν

258 2128 323 2195 τῶν
335 2120 558 2218 πραγμάτων,
581 2115 648 2207 ἐξ
625 2152 666 2208 ης
680 2112 830 2216 ῥᾴδιον
810 2149 851 2208 ην
865 2130 994 2214 μαθιῖν
1002 2176 1010 2207 ,
1032 2118 1086 2194 ὅτι
1097 2122 1144 2213 μῆ
1158 2120 1268 2194 πάντα

207 2229 209 2234 ’
257 2231 426 2298 ἐνδίδοται
445 2231 475 2308 9)
495 2233 571 2307 ταῖς
588 2222 763 2306 τοιαύταις
782 2223 915 2307 ἀιτάνις.
955 2224 1097 2321 Ὁρῶμεν
1109 2229 1190 2316 γοῦν
1203 2227 1269 2295 τῶν

257 2329 363 2402 όντων
375 2333 435 2412 ¹⁰),
456 2326 500 2396 τά
512 2334 571 2419 μέν
585 2353 659 2397 τινα
677 2327 868 2417 οὐδεμίαν”
849 2356 965 2420 οχοντα
983 2329 1122 2420 δύναμιν
1140 2333 1205 2422 τῆς
1219 2331 1267 2408 ἒις

257 2431 534 2521 τὸάντικείμενον
553 2424 615 2500 τοῦ
633 2434 667 2500 ἐν
683 2423 710 2526 ᾧ
726 2435 814 2516 ἐστι,
835 2437 1036 2562 μεταβολῆς,
1058 2431 1102 2502 τά
1119 2437 1154 2502 δὲ
1170 2430 1266 2502 οὐδὲν

256 2533 419 2628 μᾶλλον
399 2537 507 2604 αυτῶν
517 2536 550 2602 ἰν
560 2537 607 2626 τῷ
620 2532 845 2630 ἀντικειμένῳ,
866 2563 887 2620 η
899 2540 932 2604 ον
946 2529 973 2629 ᾧ
983 2541 1071 2606 ἐστιν
1079 2587 1087 2618 ,
1110 2539 1194 2604 ε’ῖναι
1207 2540 1266 2606 ὃν

257 2635 399 2729 νάμενα·
421 2639 485 2730 πῦρ
504 2645 566 2726 μὲν
583 2635 648 2728 γὰρ
667 2635 726 2706 οάκ
740 2634 850 2718 ,όῐόντε
865 2605 1032 2722 δίζαόθαι
1045 2636 1263 2734 ψυχρότητα,

256 2735 331 2826 ῆτις
345 2743 432 2810 ἐστὶν
445 2740 577 2810 ἐναντία
591 2742 630 2834 τῇ
644 2737 804 2835 συμφύτῳ
813 2738 1006 2868 θερμότητι
1021 2746 1082 2825 ¹¹),
1105 2741 1173 2812 ἀλλ
1185 2742 1264 2813 οὐδὲ

255 2842 336 2934 χιὼν
349 2838 474 2925 ὃεξαι
450 2868 469 2910 τ
493 2839 535 2911 ἀν
549 2839 755 2935 θερμότητα,
764 2842 845 2934 χιὼν
857 2849 1014 2934 μένουσα,
1025 2838 1112 2940 ὕδωρ
1127 2851 1179 2928 δὲ,
1202 2847 1265 2942 κάν

233 2981 235 2992 ·
256 2935 444 3043 ᾖψυγρὸν,
471 2941 532 3014 οὐκ
552 2941 717 3016 ἀδύνατον
730 2944 923 3035 ἀποβάλλον
935 2975 1059 3034 ταυτην
1065 3001 1075 3032 ,
1097 2951 1266 3034 δέξασθαι

256 3046 318 3132 τῆν
338 3048 486 3118 ἐναντίαν
511 3045 594 3145 ἀυτῆ
619 3045 825 3169 θερμότητα.
864 3048 1003 3140 Ὁμοίως
1017 3057 1053 3120 δὲ
1067 3061 1123 3123 καὶ
1144 3058 1190 3122 τῶ
1203 3053 1266 3125 ἀν·

256 3177 303 3245 τῳ
287 3152 373 3234 62)
395 3148 537 3220 δυνατὸν
561 3157 618 3220 καί
638 3150 696 3220 τόν
715 3149 942 3242 καθεζόμενον
962 3156 1098 3239 στῆναι,
1130 3155 1267 3228 καὶτὸν

257 3250 446 3344 κινούμενον
460 3251 664 3378 ῆρεμῆσαι,
674 3280 731 3322 και
752 3253 810 3322 τὸν
831 3259 995 3328 λαλοῦντα
1017 3263 1172 3347 σιγῆσαι,
1208 3268 1266 3332 καὶ

257 3359 310 3426 ἔπι
321 3357 446 3450 μυρίαν
460 3353 550 3449 εὐροι
570 3381 620 3436 τις
641 3352 683 3424 ἀν
697 3352 835 3446 δύναμίν
851 3383 927 3428 τινα
941 3357 1188 3454 ἐνυπάρχουσαν
1200 3368 1267 3436 τῶν

258 3460 409 3530 ἐναντίων
429 3448 641 3542 δεκτικὴν,
616 3483 659 3528 ων
673 3462 703 3527 ἐι
716 3485 760 3527 τα
745 3456 839 3543 2³5³
819 3458 987 3590 ανάγκης
982 3462 1064 3532 ὄντα
1078 3469 1112 3535 ἐν
1125 3472 1265 3592 θατέρῳ

257 3559 317 3632 οάκ
332 3563 396 3653 ἔχει
416 3558 556 3682 δύναμιν
576 3585 635 3630 τον
620 3563 823 3644 δέξασθαι
839 3569 898 3634 τοῦ
911 3569 946 3635 ἐν
959 3558 994 3660 ᾦ
1001 3571 1087 3652 ἐστι,
1109 3568 1147 3638 τὸ
1173 3573 1265 3641 ἐναν-

255 3667 342 3749 τίον,
364 3661 423 3734 οὐκ
438 3661 504 3746 ἐξ’
484 3658 630 3750 ανάγκης
650 3661 787 3749 ἀνείη
772 3691 805 3736 εν
808 3664 873 3758 ὁῐς
885 3671 958 3738 ἐστι
971 3668 1015 3738 τὰ
1028 3677 1085 3740 καί
1099 3676 1158 3741 τοῦ
1172 3677 1265 3744 ἕνον·

255 3769 328 3838 τίον
343 3765 457 3846 ἀυτοῖς
470 3762 613 3835 δεκτικά.
643 3763 695 3838 'Ec
708 3772 744 3838 δὲ
757 3797 803 3858 μη
790 3767 883 3852 35³
863 3767 1022 3860 ανάγκης,
1044 3776 1264 3866 ἐνδεχομένως.

261 3868 309 3940 Τὸ
323 3875 360 3939 δὲ
375 3872 583 3990 ἐμδεχομενας
597 3869 683 3952 ¹⁵)'‘
664 3895 698 3940 εν
717 3897 783 3940 τινι
805 3868 909 3953 ὁίτας
925 3878 1017 3944 ἐστὶν
1037 3880 1071 3946 ἐν
1091 3876 1197 3973 ἀντῷ,
1218 3877 1264 3964 τίς

257 3971 316 4044 οὐκ
331 3969 396 4056 ἐξ’
377 3967 530 4058 ανάγκης,
545 3969 655 4042 ἀλλ”
632 4001 676 4054 ως
686 3976 927 4064 ἐνδεχομένας
911 4002 944 4046 εν
956 3974 1049 4071 ἀντῷ
1062 3980 1195 4068 γεγονός
1208 3979 1263 4068 ¹⁴).
