<?xml version="1.0" encoding="UTF-8"?>
<!DOCTYPE html PUBLIC "-//W3C//DTD XHTML 1.0 Transitional//EN"
    "http://www.w3.org/TR/xhtml1/DTD/xhtml1-transitional.dtd">
<html xmlns="http://www.w3.org/1999/xhtml" xml:lang="en" lang="en">
 <head>
  <title>
</title>
<meta http-equiv="Content-Type" content="text/html;charset=utf-8" />
  <meta name='ocr-system' content='tesseract 3.04.00' />
  <meta name='ocr-capabilities' content='ocr_page ocr_carea ocr_par ocr_line ocrx_word'/>
</head>
<body>
  <div class='ocr_page' id='page_1' title='image "./alexandriaphrod00bardgoog_0046.png"; bbox 0 0 2804 4762; ppageno 0'>
   <div class='ocr_carea' id='block_1_1' title="bbox 267 421 310 484">
    <p class='ocr_par' dir='ltr' id='par_1_1' title="bbox 267 421 310 484">
     <span class='ocr_line' id='line_1_1' title="bbox 267 421 310 484; baseline -0.047 0"><span class='ocrx_word' id='word_1_1' title='bbox 267 421 310 484; x_wconf 77' lang='lat'><strong><em>80</em></strong></span> 
     </span>
    </p>
   </div>
   <div class='ocr_carea' id='block_1_2' title="bbox 263 567 1367 2322">
    <p class='ocr_par' dir='ltr' id='par_1_2' title="bbox 265 567 1367 2318">
     <span class='ocr_line' id='line_1_2' title="bbox 266 567 1278 712; baseline -0.007 -55"><span class='ocrx_word' id='word_1_2' title='bbox 266 567 357 657; x_wconf 77' lang='grc' dir='ltr'><strong><em>τοδί</em></strong></span> <span class='ocrx_word' id='word_1_3' title='bbox 372 585 582 709; x_wconf 74' lang='grc' dir='ltr'><strong><em>ἐνδεχομένως</em></strong></span> <span class='ocrx_word' id='word_1_4' title='bbox 602 577 737 670; x_wconf 81' lang='grc' dir='ltr'><strong><em>γεγονὸς</em></strong></span> <span class='ocrx_word' id='word_1_5' title='bbox 753 579 789 652; x_wconf 85' lang='grc' dir='ltr'><strong><em>ἔν</em></strong></span> <span class='ocrx_word' id='word_1_6' title='bbox 807 602 891 663; x_wconf 88' lang='grc' dir='ltr'><strong><em>τινι,</em></strong></span> <span class='ocrx_word' id='word_1_7' title='bbox 913 580 1028 652; x_wconf 76' lang='grc' dir='ltr'><strong><em>κάλ’</em></strong></span> <span class='ocrx_word' id='word_1_8' title='bbox 987 611 1034 674; x_wconf 91' lang='grc' dir='ltr'><strong><em>μη</em></strong></span> <span class='ocrx_word' id='word_1_9' title='bbox 1050 583 1219 712; x_wconf 70' lang='grc' dir='ltr'><strong><em>γεγομέναι</em></strong></span> <span class='ocrx_word' id='word_1_10' title='bbox 1243 581 1278 650; x_wconf 76' lang='grc' dir='ltr'><strong><em>έν</em></strong></span> 
     </span>
     <span class='ocr_line' id='line_1_3' title="bbox 266 676 1280 816; baseline -0.009 -56"><span class='ocrx_word' id='word_1_11' title='bbox 266 687 357 816; x_wconf 75' lang='grc' dir='ltr'><strong><em>ἀντῷ</em></strong></span> <span class='ocrx_word' id='word_1_12' title='bbox 372 685 478 758; x_wconf 87' lang='grc' dir='ltr'><strong><em>ὁῐόντε</em></strong></span> <span class='ocrx_word' id='word_1_13' title='bbox 495 676 546 771; x_wconf 78' lang='grc' dir='ltr'><strong><em>ἦν.</em></strong></span> <span class='ocrx_word' id='word_1_14' title='bbox 580 683 677 754; x_wconf 86' lang='grc' dir='ltr'><strong><em>Ἔστι</em></strong></span> <span class='ocrx_word' id='word_1_15' title='bbox 690 692 751 773; x_wconf 76' lang='grc' dir='ltr'><strong><em>μὲν</em></strong></span> <span class='ocrx_word' id='word_1_16' title='bbox 767 681 832 777; x_wconf 81' lang='grc' dir='ltr'><strong><em>γάρ</em></strong></span> <span class='ocrx_word' id='word_1_17' title='bbox 847 689 1061 756; x_wconf 76' lang='grc' dir='ltr'><strong><em>ἕκαστονκαὶ</em></strong></span> <span class='ocrx_word' id='word_1_18' title='bbox 1079 681 1223 766; x_wconf 86' lang='grc' dir='ltr'><strong><em>τούτων,</em></strong></span> <span class='ocrx_word' id='word_1_19' title='bbox 1243 686 1280 752; x_wconf 76' lang='grc' dir='ltr'><strong><em>ἰν</em></strong></span> 
     </span>
     <span class='ocr_line' id='line_1_4' title="bbox 266 775 1280 916; baseline -0.006 -56"><span class='ocrx_word' id='word_1_20' title='bbox 266 783 293 888; x_wconf 78' lang='grc' dir='ltr'><em>ᾧ</em></span> <span class='ocrx_word' id='word_1_21' title='bbox 315 791 353 862; x_wconf 77' lang='grc' dir='ltr'><strong><em>ὃν</em></strong></span> <span class='ocrx_word' id='word_1_22' title='bbox 361 787 542 914; x_wconf 78' lang='grc' dir='ltr'><strong><em>τυγχάνει,</em></strong></span> <span class='ocrx_word' id='word_1_23' title='bbox 564 785 652 858; x_wconf 80' lang='grc' dir='ltr'><strong><em>διότι</em></strong></span> <span class='ocrx_word' id='word_1_24' title='bbox 672 775 715 871; x_wconf 80' lang='grc' dir='ltr'><strong><em>ἦν</em></strong></span> <span class='ocrx_word' id='word_1_25' title='bbox 735 783 941 916; x_wconf 72' lang='grc' dir='ltr'><strong><em>ἐνδεχόμενον</em></strong></span> <span class='ocrx_word' id='word_1_26' title='bbox 962 793 996 859; x_wconf 78' lang='grc' dir='ltr'><strong><em>ἐν</em></strong></span> <span class='ocrx_word' id='word_1_27' title='bbox 1016 784 1190 882; x_wconf 51' lang='grc' dir='ltr'><strong><em>δατέρηΓ</em></strong></span> <span class='ocrx_word' id='word_1_28' title='bbox 1171 787 1280 856; x_wconf 83' lang='grc' dir='ltr'><strong><em>αντῶν</em></strong></span> 
     </span>
     <span class='ocr_line' id='line_1_5' title="bbox 265 883 1280 1014; baseline -0.006 -50"><span class='ocrx_word' id='word_1_29' title='bbox 265 892 375 966; x_wconf 79' lang='grc' dir='ltr'><strong><em>καὶτὸ</em></strong></span> <span class='ocrx_word' id='word_1_30' title='bbox 389 893 607 983; x_wconf 78' lang='grc' dir='ltr'><strong><em>ἀντικείμενον</em></strong></span> <span class='ocrx_word' id='word_1_31' title='bbox 621 894 721 960; x_wconf 80' lang='grc' dir='ltr'><strong><em>ἐῖναι·</em></strong></span> <span class='ocrx_word' id='word_1_32' title='bbox 744 894 778 960; x_wconf 84' lang='grc' dir='ltr'><strong><em>έν</em></strong></span> <span class='ocrx_word' id='word_1_33' title='bbox 792 920 817 958; x_wconf 92' lang='grc' dir='ltr'><strong><em>ω</em></strong></span> <span class='ocrx_word' id='word_1_34' title='bbox 805 883 894 960; x_wconf 83' lang='grc' dir='ltr'><strong><em>δ</em></strong></span> <span class='ocrx_word' id='word_1_35' title='bbox 875 915 945 960; x_wconf 87' lang='grc' dir='ltr'><strong><em>εστι</em></strong></span> <span class='ocrx_word' id='word_1_36' title='bbox 958 897 1017 962; x_wconf 83' lang='grc' dir='ltr'><strong><em>νῦν</em></strong></span> <span class='ocrx_word' id='word_1_37' title='bbox 1025 943 1034 974; x_wconf 98' lang='grc'>,</span> <span class='ocrx_word' id='word_1_38' title='bbox 1055 889 1116 962; x_wconf 87' lang='grc' dir='ltr'><strong><em>ούκ</em></strong></span> <span class='ocrx_word' id='word_1_39' title='bbox 1130 893 1164 974; x_wconf 81' lang='grc' dir='ltr'><strong><em>ἐξ</em></strong></span> <span class='ocrx_word' id='word_1_40' title='bbox 1176 885 1280 1014; x_wconf 79' lang='grc' dir='ltr'><strong><em>ἀνάγ-</em></strong></span> 
     </span>
     <span class='ocr_line' id='line_1_6' title="bbox 266 961 1323 1113; baseline -0.005 -47"><span class='ocrx_word' id='word_1_41' title='bbox 266 1023 325 1082; x_wconf 89' lang='grc' dir='ltr'><strong><em>κης</em></strong></span> <span class='ocrx_word' id='word_1_42' title='bbox 339 993 451 1076; x_wconf 84' lang='grc' dir='ltr'><strong><em>άιιλῶς</em></strong></span> <span class='ocrx_word' id='word_1_43' title='bbox 465 998 583 1066; x_wconf 81' lang='grc' dir='ltr'><strong><em>ἐστιν</em></strong></span> <span class='ocrx_word' id='word_1_44' title='bbox 567 1021 601 1064; x_wconf 89' lang='grc' dir='ltr'><strong><em>εν</em></strong></span> <span class='ocrx_word' id='word_1_45' title='bbox 613 991 737 1088; x_wconf 80' lang='grc' dir='ltr'><strong><em>τούτῳ,</em></strong></span> <span class='ocrx_word' id='word_1_46' title='bbox 759 961 864 1062; x_wconf 83' lang='grc' dir='ltr'><strong><em>διά</em></strong></span> <span class='ocrx_word' id='word_1_47' title='bbox 829 1019 889 1077; x_wconf 91' lang='grc' dir='ltr'><strong><em>την</em></strong></span> <span class='ocrx_word' id='word_1_48' title='bbox 908 993 991 1088; x_wconf 85' lang='grc' dir='ltr'><strong><em>πρὸς</em></strong></span> <span class='ocrx_word' id='word_1_49' title='bbox 1013 993 1057 1064; x_wconf 82' lang='grc' dir='ltr'><strong><em>τὰ</em></strong></span> <span class='ocrx_word' id='word_1_50' title='bbox 1075 992 1323 1113; x_wconf 86' lang='grc' dir='ltr'><strong><em>ἀντικείμενα</em></strong></span> 
     </span>
     <span class='ocr_line' id='line_1_7' title="bbox 266 1085 1284 1189; baseline -0.004 -19"><span class='ocrx_word' id='word_1_51' title='bbox 266 1099 427 1189; x_wconf 89' lang='grc' dir='ltr'><strong><em>δύναμιν,</em></strong></span> <span class='ocrx_word' id='word_1_52' title='bbox 462 1094 549 1168; x_wconf 85' lang='grc' dir='ltr'><strong><em>ἀλλὰ</em></strong></span> <span class='ocrx_word' id='word_1_53' title='bbox 569 1095 635 1188; x_wconf 79' lang='grc' dir='ltr'><strong><em>μὴν</em></strong></span> <span class='ocrx_word' id='word_1_54' title='bbox 656 1094 700 1164; x_wconf 82' lang='grc' dir='ltr'><strong><em>τά</em></strong></span> <span class='ocrx_word' id='word_1_55' title='bbox 721 1092 825 1177; x_wconf 87' lang='grc' dir='ltr'><strong><em>ὁύτως</em></strong></span> <span class='ocrx_word' id='word_1_56' title='bbox 847 1095 929 1166; x_wconf 83' lang='grc' dir='ltr'><strong><em>ὄντα</em></strong></span> <span class='ocrx_word' id='word_1_57' title='bbox 957 1099 992 1167; x_wconf 83' lang='grc' dir='ltr'><strong><em>έν</em></strong></span> <span class='ocrx_word' id='word_1_58' title='bbox 1016 1123 1120 1180; x_wconf 87' lang='grc' dir='ltr'><strong><em>τισιν,</em></strong></span> <span class='ocrx_word' id='word_1_59' title='bbox 1163 1095 1202 1166; x_wconf 86' lang='grc' dir='ltr'><strong><em>ού</em></strong></span> <span class='ocrx_word' id='word_1_60' title='bbox 1224 1085 1284 1166; x_wconf 92' lang='grc' dir='ltr'><strong><em>διιι</em></strong></span> 
     </span>
     <span class='ocr_line' id='line_1_8' title="bbox 266 1186 1283 1297; baseline -0.005 -24"><span class='ocrx_word' id='word_1_61' title='bbox 266 1197 377 1284; x_wconf 85' lang='grc' dir='ltr'><strong><em>ἀιτίας</em></strong></span> <span class='ocrx_word' id='word_1_62' title='bbox 395 1200 487 1282; x_wconf 85' lang='grc' dir='ltr'><strong><em>τινάς</em></strong></span> <span class='ocrx_word' id='word_1_63' title='bbox 500 1186 874 1297; x_wconf 80' lang='grc' dir='ltr'><strong><em>προκαταβεβλημένας,</em></strong></span> <span class='ocrx_word' id='word_1_64' title='bbox 903 1197 969 1284; x_wconf 84' lang='grc' dir='ltr'><strong><em>εξ</em></strong></span> <span class='ocrx_word' id='word_1_65' title='bbox 949 1227 1095 1290; x_wconf 85' lang='grc' dir='ltr'><strong><em>αναγκης</em></strong></span> <span class='ocrx_word' id='word_1_66' title='bbox 1109 1205 1156 1281; x_wconf 84' lang='grc' dir='ltr'><strong><em>ἐις</em></strong></span> <span class='ocrx_word' id='word_1_67' title='bbox 1173 1203 1283 1270; x_wconf 85' lang='grc' dir='ltr'><strong><em>ταύτοι</em></strong></span> 
     </span>
     <span class='ocr_line' id='line_1_9' title="bbox 266 1297 1284 1395; baseline -0.004 -19"><span class='ocrx_word' id='word_1_68' title='bbox 266 1303 433 1395; x_wconf 76' lang='grc' dir='ltr'><em>ἀγούσας,</em></span> <span class='ocrx_word' id='word_1_69' title='bbox 455 1308 488 1374; x_wconf 78' lang='grc' dir='ltr'><strong><em>έν</em></strong></span> <span class='ocrx_word' id='word_1_70' title='bbox 502 1301 618 1383; x_wconf 83' lang='grc' dir='ltr'><strong><em>ἀυτοῑς</em></strong></span> <span class='ocrx_word' id='word_1_71' title='bbox 632 1306 793 1385; x_wconf 68' lang='grc' dir='ltr'><strong><em>ἐστιν66),</em></strong></span> <span class='ocrx_word' id='word_1_72' title='bbox 815 1297 888 1372; x_wconf 78' lang='grc' dir='ltr'><strong><em>ὥστ’</em></strong></span> <span class='ocrx_word' id='word_1_73' title='bbox 906 1307 935 1372; x_wconf 77' lang='grc' dir='ltr'><strong><em>ἐι</em></strong></span> <span class='ocrx_word' id='word_1_74' title='bbox 953 1301 1065 1376; x_wconf 81' lang='grc' dir='ltr'><strong><em>πάντα</em></strong></span> <span class='ocrx_word' id='word_1_75' title='bbox 1080 1301 1200 1394; x_wconf 81' lang='grc' dir='ltr'><strong><em>ὁμοίως</em></strong></span> <span class='ocrx_word' id='word_1_76' title='bbox 1212 1309 1284 1383; x_wconf 79' lang='grc' dir='ltr'><strong><em>τοῖς</em></strong></span> 
     </span>
     <span class='ocr_line' id='line_1_10' title="bbox 267 1398 1285 1528; baseline -0.007 -48"><span class='ocrx_word' id='word_1_77' title='bbox 267 1408 517 1499; x_wconf 86' lang='grc' dir='ltr'><strong><em>ἀντικειμένοις,</em></strong></span> <span class='ocrx_word' id='word_1_78' title='bbox 540 1398 585 1476; x_wconf 81' lang='grc' dir='ltr'><strong><em>ὧν</em></strong></span> <span class='ocrx_word' id='word_1_79' title='bbox 599 1403 765 1476; x_wconf 75' lang='grc' dir='ltr'><strong><em>δεκτικά6</em></strong></span> <span class='ocrx_word' id='word_1_80' title='bbox 769 1402 832 1488; x_wconf 93' lang='grc'>)6,.</span> <span class='ocrx_word' id='word_1_81' title='bbox 848 1409 1061 1528; x_wconf 80' lang='grc' dir='ltr'><strong><em>ἐνδεχομένως</em></strong></span> <span class='ocrx_word' id='word_1_82' title='bbox 1082 1433 1116 1476; x_wconf 84' lang='grc' dir='ltr'><strong><em>τε</em></strong></span> <span class='ocrx_word' id='word_1_83' title='bbox 1139 1410 1285 1476; x_wconf 76' lang='grc' dir='ltr'><strong><em>ἐστινέν</em></strong></span> 
     </span>
     <span class='ocr_line' id='line_1_11' title="bbox 267 1497 1287 1602; baseline -0.002 -20"><span class='ocrx_word' id='word_1_84' title='bbox 267 1510 319 1593; x_wconf 83' lang='grc' dir='ltr'><strong><em>ὁῐς</em></strong></span> <span class='ocrx_word' id='word_1_85' title='bbox 334 1514 421 1594; x_wconf 82' lang='grc' dir='ltr'><strong><em>ἔστι,</em></strong></span> <span class='ocrx_word' id='word_1_86' title='bbox 443 1516 499 1579; x_wconf 82' lang='grc' dir='ltr'><strong><em>καί</em></strong></span> <span class='ocrx_word' id='word_1_87' title='bbox 521 1505 582 1578; x_wconf 85' lang='grc' dir='ltr'><strong><em>ὀυκ</em></strong></span> <span class='ocrx_word' id='word_1_88' title='bbox 603 1508 692 1576; x_wconf 82' lang='grc' dir='ltr'><strong><em>ἔστιν</em></strong></span> <span class='ocrx_word' id='word_1_89' title='bbox 707 1511 741 1576; x_wconf 80' lang='grc' dir='ltr'><strong><em>έν</em></strong></span> <span class='ocrx_word' id='word_1_90' title='bbox 755 1497 817 1588; x_wconf 85' lang='grc' dir='ltr'><strong><em>ὁῖς</em></strong></span> <span class='ocrx_word' id='word_1_91' title='bbox 825 1504 885 1576; x_wconf 84' lang='grc' dir='ltr'><strong><em>ούκ</em></strong></span> <span class='ocrx_word' id='word_1_92' title='bbox 899 1509 986 1591; x_wconf 84' lang='grc' dir='ltr'><strong><em>ἔστι,</em></strong></span> <span class='ocrx_word' id='word_1_93' title='bbox 1006 1512 1109 1602; x_wconf 84' lang='grc' dir='ltr'><strong><em>μυρίοι</em></strong></span> <span class='ocrx_word' id='word_1_94' title='bbox 1125 1509 1229 1592; x_wconf 79' lang='grc' dir='ltr'><strong><em>ἀνείη</em></strong></span> <span class='ocrx_word' id='word_1_95' title='bbox 1242 1507 1287 1580; x_wconf 84' lang='grc' dir='ltr'><strong><em>τά</em></strong></span> 
     </span>
     <span class='ocr_line' id='line_1_12' title="bbox 268 1603 1285 1706; baseline -0.002 -22"><span class='ocrx_word' id='word_1_96' title='bbox 268 1610 516 1704; x_wconf 81' lang='grc' dir='ltr'><strong><em>ίνδεχομένως”</em></strong></span> <span class='ocrx_word' id='word_1_97' title='bbox 497 1615 578 1682; x_wconf 83' lang='grc' dir='ltr'><strong><em>οντοι</em></strong></span> <span class='ocrx_word' id='word_1_98' title='bbox 601 1637 636 1678; x_wconf 89' lang='grc' dir='ltr'><strong><em>τε</em></strong></span> <span class='ocrx_word' id='word_1_99' title='bbox 648 1617 706 1680; x_wconf 80' lang='grc' dir='ltr'><strong><em>κοιλ</em></strong></span> <span class='ocrx_word' id='word_1_100' title='bbox 720 1603 886 1699; x_wconf 76' lang='grc' dir='ltr'><strong><em>γινόμενοι.</em></strong></span> <span class='ocrx_word' id='word_1_101' title='bbox 920 1608 1123 1682; x_wconf 74' lang='grc' dir='ltr'><strong><em>’Ἁτοιιον</em></strong></span> <span class='ocrx_word' id='word_1_102' title='bbox 1084 1640 1150 1706; x_wconf 85' lang='grc' dir='ltr'><strong><em>γαρ</em></strong></span> <span class='ocrx_word' id='word_1_103' title='bbox 1163 1608 1285 1701; x_wconf 81' lang='grc' dir='ltr'><strong><em>ὁμοίως</em></strong></span> 
     </span>
     <span class='ocr_line' id='line_1_13' title="bbox 268 1709 1285 1804; baseline 0.002 -20"><span class='ocrx_word' id='word_1_104' title='bbox 268 1717 301 1800; x_wconf 77' lang='grc' dir='ltr'><strong><em>ἐξ</em></strong></span> <span class='ocrx_word' id='word_1_105' title='bbox 315 1713 460 1804; x_wconf 75' lang='grc' dir='ltr'><strong><em>ἀνάγκης</em></strong></span> <span class='ocrx_word' id='word_1_106' title='bbox 474 1719 558 1786; x_wconf 82' lang='grc' dir='ltr'><strong><em>ἐῑναι</em></strong></span> <span class='ocrx_word' id='word_1_107' title='bbox 578 1718 681 1801; x_wconf 85' lang='grc' dir='ltr'><strong><em>λέγειν</em></strong></span> <span class='ocrx_word' id='word_1_108' title='bbox 703 1714 738 1783; x_wconf 83' lang='grc' dir='ltr'><strong><em>ἔν</em></strong></span> <span class='ocrx_word' id='word_1_109' title='bbox 751 1738 816 1784; x_wconf 91' lang='grc' dir='ltr'><strong><em>τινι</em></strong></span> <span class='ocrx_word' id='word_1_110' title='bbox 834 1709 879 1782; x_wconf 88' lang='grc' dir='ltr'><strong><em>τά</em></strong></span> <span class='ocrx_word' id='word_1_111' title='bbox 891 1739 926 1784; x_wconf 87' lang='grc' dir='ltr'><strong><em>τε</em></strong></span> <span class='ocrx_word' id='word_1_112' title='bbox 939 1721 996 1784; x_wconf 81' lang='grc' dir='ltr'><strong><em>καὶ</em></strong></span> <span class='ocrx_word' id='word_1_113' title='bbox 1010 1712 1202 1786; x_wconf 75' lang='grc' dir='ltr'><strong><em>ἀνεπίδικον</em></strong></span> <span class='ocrx_word' id='word_1_114' title='bbox 1219 1719 1285 1786; x_wconf 83' lang='grc' dir='ltr'><strong><em>τάν</em></strong></span> 
     </span>
     <span class='ocr_line' id='line_1_14' title="bbox 268 1809 1282 1908; baseline -0.002 -16"><span class='ocrx_word' id='word_1_115' title='bbox 268 1821 421 1892; x_wconf 77' lang='grc' dir='ltr'><strong><em>ἐναντίων</em></strong></span> <span class='ocrx_word' id='word_1_116' title='bbox 435 1809 567 1897; x_wconf 80' lang='grc' dir='ltr'><strong><em>τούτοις</em></strong></span> <span class='ocrx_word' id='word_1_117' title='bbox 581 1819 615 1888; x_wconf 76' lang='grc' dir='ltr'><strong><em>ἐν</em></strong></span> <span class='ocrx_word' id='word_1_118' title='bbox 630 1813 786 1899; x_wconf 79' lang='grc' dir='ltr'><strong><em>ὁῑςεότι,</em></strong></span> <span class='ocrx_word' id='word_1_119' title='bbox 815 1823 872 1888; x_wconf 75' lang='grc' dir='ltr'><strong><em>καί</em></strong></span> <span class='ocrx_word' id='word_1_120' title='bbox 885 1815 929 1884; x_wconf 83' lang='grc' dir='ltr'><strong><em>τά</em></strong></span> <span class='ocrx_word' id='word_1_121' title='bbox 940 1822 1043 1908; x_wconf 75' lang='grc' dir='ltr'><strong><em>μηδὲν</em></strong></span> <span class='ocrx_word' id='word_1_122' title='bbox 1056 1821 1186 1908; x_wconf 76' lang='grc' dir='ltr'><strong><em>μᾶλλον</em></strong></span> <span class='ocrx_word' id='word_1_123' title='bbox 1199 1812 1282 1890; x_wconf 75' lang='grc' dir='ltr'><strong><em>καθ’</em></strong></span> 
     </span>
     <span class='ocr_line' id='line_1_15' title="bbox 269 1916 1285 2042; baseline 0 -46"><span class='ocrx_word' id='word_1_124' title='bbox 269 1919 419 1996; x_wconf 78' lang='grc' dir='ltr'><strong><em>ὁντινοῦν</em></strong></span> <span class='ocrx_word' id='word_1_125' title='bbox 430 1917 578 2042; x_wconf 78' lang='grc' dir='ltr'><strong><em>γρόνογ</em></strong></span> <span class='ocrx_word' id='word_1_126' title='bbox 566 1916 708 2001; x_wconf 89' lang='grc' dir='ltr'><strong><em>τούτων,</em></strong></span> <span class='ocrx_word' id='word_1_127' title='bbox 729 1917 752 2002; x_wconf 77' lang='grc' dir='ltr'><em>ἢ</em></span> <span class='ocrx_word' id='word_1_128' title='bbox 766 1921 830 1990; x_wconf 78' lang='grc' dir='ltr'><strong><em>τῶν</em></strong></span> <span class='ocrx_word' id='word_1_129' title='bbox 844 1922 998 1990; x_wconf 84' lang='grc' dir='ltr'><strong><em>ἐναντίων</em></strong></span> <span class='ocrx_word' id='word_1_130' title='bbox 1011 1918 1127 2003; x_wconf 79' lang='grc' dir='ltr'><strong><em>ἀυτεῖς</em></strong></span> <span class='ocrx_word' id='word_1_131' title='bbox 1142 1919 1285 1996; x_wconf 75' lang='grc' dir='ltr'><strong><em>δεκτικά.</em></strong></span> 
     </span>
     <span class='ocr_line' id='line_1_16' title="bbox 263 2019 1367 2147; baseline 0.002 -51.015"><span class='ocrx_word' id='word_1_132' title='bbox 263 2021 394 2147; x_wconf 68' lang='grc' dir='ltr'><strong><em>Ἔιγοιμ</em></strong></span> <span class='ocrx_word' id='word_1_133' title='bbox 408 2021 452 2098; x_wconf 84' lang='grc' dir='ltr'><strong><em>,τά</em></strong></span> <span class='ocrx_word' id='word_1_134' title='bbox 469 2019 662 2110; x_wconf 84' lang='grc' dir='ltr'><strong><em>ἐξάνάγκης</em></strong></span> <span class='ocrx_word' id='word_1_135' title='bbox 677 2020 760 2091; x_wconf 81' lang='grc' dir='ltr'><strong><em>ὄντα</em></strong></span> <span class='ocrx_word' id='word_1_136' title='bbox 781 2023 865 2105; x_wconf 84' lang='lat'>¹⁷)&#39;‘</span> <span class='ocrx_word' id='word_1_137' title='bbox 846 2047 880 2092; x_wconf 89' lang='grc' dir='ltr'><strong><em>εν</em></strong></span> <span class='ocrx_word' id='word_1_138' title='bbox 898 2048 981 2106; x_wconf 88' lang='grc' dir='ltr'><strong><em>τινι,</em></strong></span> <span class='ocrx_word' id='word_1_139' title='bbox 1012 2019 1204 2096; x_wconf 81' lang='grc' dir='ltr'><strong><em>ἀνεπίδεκτα</em></strong></span> <span class='ocrx_word' id='word_1_140' title='bbox 1224 2028 1287 2098; x_wconf 78' lang='grc' dir='ltr'><strong><em>τού</em></strong></span> <span class='ocrx_word' id='word_1_141' title='bbox 1365 2045 1367 2049; x_wconf 82' lang='grc'>’</span> 
     </span>
     <span class='ocr_line' id='line_1_17' title="bbox 269 2123 1289 2220; baseline 0.005 -24"><span class='ocrx_word' id='word_1_142' title='bbox 269 2130 418 2196; x_wconf 73' lang='grc' dir='ltr'><strong><em>ἐναντίου</em></strong></span> <span class='ocrx_word' id='word_1_143' title='bbox 440 2123 547 2220; x_wconf 78' lang='grc' dir='ltr'><strong><em>ἀντῷ,</em></strong></span> <span class='ocrx_word' id='word_1_144' title='bbox 583 2123 626 2194; x_wconf 86' lang='grc' dir='ltr'><strong><em>τά</em></strong></span> <span class='ocrx_word' id='word_1_145' title='bbox 650 2123 837 2196; x_wconf 74' lang='grc' dir='ltr'><strong><em>ἐπιδεκτικὰ</em></strong></span> <span class='ocrx_word' id='word_1_146' title='bbox 864 2129 924 2198; x_wconf 82' lang='grc' dir='ltr'><strong><em>τοῦ</em></strong></span> <span class='ocrx_word' id='word_1_147' title='bbox 952 2130 1145 2213; x_wconf 71' lang='grc' dir='ltr'><strong><em>ἐναντίον,</em></strong></span> <span class='ocrx_word' id='word_1_148' title='bbox 1169 2153 1228 2200; x_wconf 86' lang='grc' dir='ltr'><strong><em>ουκ</em></strong></span> <span class='ocrx_word' id='word_1_149' title='bbox 1253 2129 1289 2212; x_wconf 67' lang='grc' dir='ltr'><strong><em>οὗ</em></strong></span> 
     </span>
     <span class='ocr_line' id='line_1_18' title="bbox 271 2219 789 2322; baseline -0.004 -22"><span class='ocrx_word' id='word_1_150' title='bbox 271 2226 416 2318; x_wconf 81' lang='grc' dir='ltr'><strong><em>ἀνάγκης</em></strong></span> <span class='ocrx_word' id='word_1_151' title='bbox 436 2226 477 2300; x_wconf 85' lang='grc' dir='ltr'><strong><em>ἀν</em></strong></span> <span class='ocrx_word' id='word_1_152' title='bbox 499 2233 533 2300; x_wconf 81' lang='grc' dir='ltr'><strong><em>ἐν</em></strong></span> <span class='ocrx_word' id='word_1_153' title='bbox 553 2219 580 2322; x_wconf 77' lang='grc' dir='ltr'><em>ᾧ</em></span> <span class='ocrx_word' id='word_1_154' title='bbox 602 2231 708 2311; x_wconf 77' lang='grc' dir='ltr'><strong><em>ἐστιν,</em></strong></span> <span class='ocrx_word' id='word_1_155' title='bbox 730 2230 789 2311; x_wconf 64' lang='lat' dir='ltr'><strong><em>sin.</em></strong></span> 
     </span>
    </p>
   </div>
   <div class='ocr_carea' id='block_1_3' title="bbox 262 2739 1352 3660">
    <p class='ocr_par' dir='ltr' id='par_1_3' title="bbox 262 2739 1352 3660">
     <span class='ocr_line' id='line_1_19' title="bbox 338 2739 1288 2837; baseline 0.003 -23"><span class='ocrx_word' id='word_1_156' title='bbox 338 2742 385 2815; x_wconf 78' lang='grc' dir='ltr'><strong><em>Τὸ</em></strong></span> <span class='ocrx_word' id='word_1_157' title='bbox 405 2749 441 2814; x_wconf 81' lang='grc' dir='ltr'><strong><em>δὲ</em></strong></span> <span class='ocrx_word' id='word_1_158' title='bbox 463 2748 568 2834; x_wconf 78' lang='grc' dir='ltr'><strong><em>λέγειν</em></strong></span> <span class='ocrx_word' id='word_1_159' title='bbox 589 2747 616 2828; x_wconf 87' lang='lat'><strong><em>¹)</em></strong></span> <span class='ocrx_word' id='word_1_160' title='bbox 637 2741 684 2833; x_wconf 78' lang='grc' dir='ltr'><strong><em>μὴ</em></strong></span> <span class='ocrx_word' id='word_1_161' title='bbox 709 2739 930 2837; x_wconf 80' lang='grc' dir='ltr'><strong><em>ἀναιρεῖσθαι</em></strong></span> <span class='ocrx_word' id='word_1_162' title='bbox 954 2739 1087 2815; x_wconf 78' lang='grc' dir='ltr'><strong><em>πάντων</em></strong></span> <span class='ocrx_word' id='word_1_163' title='bbox 1107 2749 1288 2836; x_wconf 74' lang='grc' dir='ltr'><strong><em>γινομένων</em></strong></span> 
     </span>
     <span class='ocr_line' id='line_1_20' title="bbox 270 2844 1288 2976; baseline 0.004 -58"><span class='ocrx_word' id='word_1_164' title='bbox 270 2846 352 2918; x_wconf 76' lang='grc' dir='ltr'><strong><em>καθ’</em></strong></span> <span class='ocrx_word' id='word_1_165' title='bbox 370 2852 566 2976; x_wconf 67' lang='grc' dir='ltr'><strong><em>έιμαρμέιην</em></strong></span> <span class='ocrx_word' id='word_1_166' title='bbox 580 2846 619 2916; x_wconf 87' lang='grc' dir='ltr'><strong><em>τὸ</em></strong></span> <span class='ocrx_word' id='word_1_167' title='bbox 637 2844 780 2916; x_wconf 88' lang='grc' dir='ltr'><strong><em>δυνατόν</em></strong></span> <span class='ocrx_word' id='word_1_168' title='bbox 796 2873 831 2916; x_wconf 89' lang='grc' dir='ltr'><strong><em>τε</em></strong></span> <span class='ocrx_word' id='word_1_169' title='bbox 853 2854 909 2918; x_wconf 78' lang='grc' dir='ltr'><strong><em>καί</em></strong></span> <span class='ocrx_word' id='word_1_170' title='bbox 923 2845 1131 2938; x_wconf 61' lang='grc' dir='ltr'><strong><em>ἐνδεχόμενον</em></strong></span> <span class='ocrx_word' id='word_1_171' title='bbox 1137 2901 1146 2932; x_wconf 92' lang='grc'>,</span> <span class='ocrx_word' id='word_1_172' title='bbox 1168 2853 1288 2943; x_wconf 54' lang='grc' dir='ltr'><strong><em>τῷδε»,</em></strong></span> 
     </span>
     <span class='ocr_line' id='line_1_21' title="bbox 262 2947 1289 3074; baseline 0.005 -53"><span class='ocrx_word' id='word_1_173' title='bbox 262 2949 372 3022; x_wconf 86' lang='grc' dir='ltr'><strong><em>νοτὸν</em></strong></span> <span class='ocrx_word' id='word_1_174' title='bbox 387 2954 481 3040; x_wconf 73' lang='grc' dir='ltr'><strong><em>μέν’</em></strong></span> <span class='ocrx_word' id='word_1_175' title='bbox 465 2957 549 3074; x_wconf 74' lang='grc' dir='ltr'><strong><em>εῖναι</em></strong></span> <span class='ocrx_word' id='word_1_176' title='bbox 563 2955 725 3038; x_wconf 76' lang='grc' dir='ltr'><strong><em>γενέσθαι</em></strong></span> <span class='ocrx_word' id='word_1_177' title='bbox 739 2953 854 3033; x_wconf 82' lang='grc' dir='ltr'><strong><em>τούτο,</em></strong></span> <span class='ocrx_word' id='word_1_178' title='bbox 878 2947 899 3018; x_wconf 80' lang='grc' dir='ltr'><strong><em>δ</em></strong></span> <span class='ocrx_word' id='word_1_179' title='bbox 912 2948 959 3022; x_wconf 86' lang='grc' dir='ltr'><strong><em>ύιτ</em></strong></span> <span class='ocrx_word' id='word_1_180' title='bbox 954 2948 1115 3034; x_wconf 80' lang='grc' dir='ltr'><strong><em>ὀἀδενὸς</em></strong></span> <span class='ocrx_word' id='word_1_181' title='bbox 1128 2951 1289 3026; x_wconf 76' lang='grc' dir='ltr'><strong><em>κωλύεται</em></strong></span> 
     </span>
     <span class='ocr_line' id='line_1_22' title="bbox 269 3051 1290 3169; baseline 0.002 -45"><span class='ocrx_word' id='word_1_182' title='bbox 269 3051 522 3145; x_wconf 79' lang='grc' dir='ltr'><strong><em>γενέσθαι,ἀν</em></strong></span> <span class='ocrx_word' id='word_1_183' title='bbox 480 3052 643 3142; x_wconf 66' lang='grc' dir='ltr'><strong><em>αν6)μὴ</em></strong></span> <span class='ocrx_word' id='word_1_184' title='bbox 658 3059 809 3143; x_wconf 83' lang='grc' dir='ltr'><strong><em>γένηται,</em></strong></span> <span class='ocrx_word' id='word_1_185' title='bbox 841 3055 906 3124; x_wconf 76' lang='grc' dir='ltr'><strong><em>τῶν</em></strong></span> <span class='ocrx_word' id='word_1_186' title='bbox 926 3059 962 3124; x_wconf 81' lang='grc' dir='ltr'><strong><em>δὲ</em></strong></span> <span class='ocrx_word' id='word_1_187' title='bbox 984 3054 1067 3126; x_wconf 71' lang='grc' dir='ltr'><strong><em>καθ</em></strong></span> <span class='ocrx_word' id='word_1_188' title='bbox 1092 3060 1290 3169; x_wconf 75' lang='grc' dir='ltr'><strong><em>ίιμαρμένην</em></strong></span> 
     </span>
     <span class='ocr_line' id='line_1_23' title="bbox 269 3147 1289 3247; baseline 0.006 -19"><span class='ocrx_word' id='word_1_189' title='bbox 269 3162 449 3247; x_wconf 79' lang='grc' dir='ltr'><strong><em>γενομένων</em></strong></span> <span class='ocrx_word' id='word_1_190' title='bbox 468 3153 508 3226; x_wconf 84' lang='grc' dir='ltr'><strong><em>ού</em></strong></span> <span class='ocrx_word' id='word_1_191' title='bbox 531 3153 710 3226; x_wconf 83' lang='grc' dir='ltr'><strong><em>κεκώλυται</em></strong></span> <span class='ocrx_word' id='word_1_192' title='bbox 727 3152 771 3224; x_wconf 86' lang='grc' dir='ltr'><strong><em>τά</em></strong></span> <span class='ocrx_word' id='word_1_193' title='bbox 793 3153 998 3246; x_wconf 83' lang='grc' dir='ltr'><strong><em>ἀντικείμενα</em></strong></span> <span class='ocrx_word' id='word_1_194' title='bbox 1018 3165 1219 3247; x_wconf 76' lang='grc' dir='ltr'><strong><em>γενέσθαι,</em></strong></span> <span class='ocrx_word' id='word_1_195' title='bbox 1233 3147 1289 3234; x_wconf 68' lang='grc' dir='ltr'><strong><em>ἀνί</em></strong></span> 
     </span>
     <span class='ocr_line' id='line_1_24' title="bbox 270 3252 1352 3380; baseline 0.006 -50"><span class='ocrx_word' id='word_1_196' title='bbox 270 3263 397 3330; x_wconf 86' lang='grc' dir='ltr'><strong><em>καίτοι</em></strong></span> <span class='ocrx_word' id='word_1_197' title='bbox 417 3257 464 3348; x_wconf 81' lang='grc' dir='ltr'><strong><em>μὴ</em></strong></span> <span class='ocrx_word' id='word_1_198' title='bbox 486 3256 663 3348; x_wconf 85' lang='grc' dir='ltr'><strong><em>γινόμενοι,</em></strong></span> <span class='ocrx_word' id='word_1_199' title='bbox 685 3252 773 3380; x_wconf 83' lang='grc' dir='ltr'><strong><em>ὅμως</em></strong></span> <span class='ocrx_word' id='word_1_200' title='bbox 793 3259 864 3328; x_wconf 78' lang='grc' dir='ltr'><strong><em>ἔστι</em></strong></span> <span class='ocrx_word' id='word_1_201' title='bbox 878 3260 1007 3334; x_wconf 85' lang='grc' dir='ltr'><strong><em>δυνατά</em></strong></span> <span class='ocrx_word' id='word_1_202' title='bbox 1023 3269 1079 3332; x_wconf 82' lang='grc' dir='ltr'><strong><em>καί</em></strong></span> <span class='ocrx_word' id='word_1_203' title='bbox 1094 3265 1154 3334; x_wconf 79' lang='grc' dir='ltr'><strong><em>τού</em></strong></span> <span class='ocrx_word' id='word_1_204' title='bbox 1170 3260 1218 3350; x_wconf 79' lang='grc' dir='ltr'><strong><em>μὴ</em></strong></span> <span class='ocrx_word' id='word_1_205' title='bbox 1237 3289 1289 3336; x_wconf 58' lang='grc' dir='ltr'><strong><em>κει</em></strong></span> <span class='ocrx_word' id='word_1_206' title='bbox 1350 3291 1352 3304; x_wconf 90' lang='grc'><strong><em>·</em></strong></span> 
     </span>
     <span class='ocr_line' id='line_1_25' title="bbox 269 3358 1291 3458; baseline 0.005 -26"><span class='ocrx_word' id='word_1_207' title='bbox 269 3360 449 3435; x_wconf 73' lang='grc' dir='ltr'><strong><em>κωλοοδαι</em></strong></span> <span class='ocrx_word' id='word_1_208' title='bbox 458 3358 655 3449; x_wconf 72' lang='grc' dir='ltr'><strong><em>γενεσθαι</em></strong></span> <span class='ocrx_word' id='word_1_209' title='bbox 635 3359 732 3444; x_wconf 86' lang='grc' dir='ltr'><strong><em>αοτά,</em></strong></span> <span class='ocrx_word' id='word_1_210' title='bbox 747 3358 914 3446; x_wconf 82' lang='grc' dir='ltr'><strong><em>αποδειξιν</em></strong></span> <span class='ocrx_word' id='word_1_211' title='bbox 925 3369 1019 3458; x_wconf 76' lang='grc' dir='ltr'><strong><em>φερει</em></strong></span> <span class='ocrx_word' id='word_1_212' title='bbox 1033 3365 1079 3448; x_wconf 94' lang='grc'>6)</span> <span class='ocrx_word' id='word_1_213' title='bbox 1100 3391 1140 3434; x_wconf 83' lang='grc' dir='ltr'><strong><em>το</em></strong></span> <span class='ocrx_word' id='word_1_214' title='bbox 1151 3392 1235 3453; x_wconf 88' lang='grc' dir='ltr'><strong><em>ημιν</em></strong></span> <span class='ocrx_word' id='word_1_215' title='bbox 1246 3391 1291 3437; x_wconf 86' lang='grc' dir='ltr'><strong><em>τα</em></strong></span> 
     </span>
     <span class='ocr_line' id='line_1_26' title="bbox 271 3461 1289 3592; baseline 0.004 -58"><span class='ocrx_word' id='word_1_216' title='bbox 271 3461 480 3592; x_wconf 78' lang='grc' dir='ltr'><strong><em>κμλύοντοι’</em></strong></span> <span class='ocrx_word' id='word_1_217' title='bbox 459 3463 548 3534; x_wconf 82' lang='grc' dir='ltr'><strong><em>αυτά</em></strong></span> <span class='ocrx_word' id='word_1_218' title='bbox 566 3462 722 3553; x_wconf 86' lang='grc' dir='ltr'><strong><em>άγνιιοτο</em></strong></span> <span class='ocrx_word' id='word_1_219' title='bbox 739 3468 839 3549; x_wconf 83' lang='grc' dir='ltr'><strong><em>έῖναι,</em></strong></span> <span class='ocrx_word' id='word_1_220' title='bbox 874 3462 1005 3546; x_wconf 82' lang='grc' dir='ltr'><strong><em>πάντως</em></strong></span> <span class='ocrx_word' id='word_1_221' title='bbox 1023 3472 1083 3591; x_wconf 84' lang='grc' dir='ltr'><strong><em>μέγ</em></strong></span> <span class='ocrx_word' id='word_1_222' title='bbox 1097 3491 1174 3538; x_wconf 87' lang='grc' dir='ltr'><strong><em>τινα</em></strong></span> <span class='ocrx_word' id='word_1_223' title='bbox 1188 3466 1289 3552; x_wconf 76' lang='grc' dir='ltr'><strong><em>ὄντα,</em></strong></span> 
     </span>
     <span class='ocr_line' id='line_1_27' title="bbox 271 3563 1289 3660; baseline 0.006 -22"><span class='ocrx_word' id='word_1_224' title='bbox 271 3565 294 3638; x_wconf 82' lang='grc' dir='ltr'><strong><em>ά</em></strong></span> <span class='ocrx_word' id='word_1_225' title='bbox 312 3565 377 3660; x_wconf 84' lang='grc' dir='ltr'><strong><em>γάρ</em></strong></span> <span class='ocrx_word' id='word_1_226' title='bbox 400 3570 489 3636; x_wconf 78' lang='grc' dir='ltr'><strong><em>ἐστιν</em></strong></span> <span class='ocrx_word' id='word_1_227' title='bbox 510 3563 604 3638; x_wconf 88' lang='grc' dir='ltr'><strong><em>ἀίτια</em></strong></span> <span class='ocrx_word' id='word_1_228' title='bbox 624 3593 682 3637; x_wconf 87' lang='grc' dir='ltr'><strong><em>του</em></strong></span> <span class='ocrx_word' id='word_1_229' title='bbox 667 3571 862 3657; x_wconf 76' lang='grc' dir='ltr'><strong><em>γενέσθαι</em></strong></span> <span class='ocrx_word' id='word_1_230' title='bbox 882 3567 926 3638; x_wconf 85' lang='grc' dir='ltr'><strong><em>τά</em></strong></span> <span class='ocrx_word' id='word_1_231' title='bbox 945 3565 1150 3659; x_wconf 74' lang='grc' dir='ltr'><strong><em>ἀντικείμενοι</em></strong></span> <span class='ocrx_word' id='word_1_232' title='bbox 1172 3568 1289 3654; x_wconf 84' lang='grc' dir='ltr'><strong><em>ἀντοις</em></strong></span> 
     </span>
    </p>
   </div>
   <div class='ocr_carea' id='block_1_4' title="bbox 272 3667 1391 3796">
    <p class='ocr_par' dir='ltr' id='par_1_4' title="bbox 272 3667 1391 3796">
     <span class='ocr_line' id='line_1_28' title="bbox 272 3667 1391 3796; baseline 0.004 -56"><span class='ocrx_word' id='word_1_233' title='bbox 272 3667 394 3740; x_wconf 56' lang='grc' dir='ltr'><strong><em>καθ’</em></strong></span> <span class='ocrx_word' id='word_1_234' title='bbox 379 3673 592 3796; x_wconf 74' lang='grc' dir='ltr'><strong><em>ειμιιρμένην,</em></strong></span> <span class='ocrx_word' id='word_1_235' title='bbox 623 3675 731 3742; x_wconf 80' lang='grc' dir='ltr'><strong><em>ταῦτα</em></strong></span> <span class='ocrx_word' id='word_1_236' title='bbox 751 3679 807 3742; x_wconf 84' lang='grc' dir='ltr'><strong><em>καὶ</em></strong></span> <span class='ocrx_word' id='word_1_237' title='bbox 824 3698 884 3746; x_wconf 88' lang='grc' dir='ltr'><strong><em>τον</em></strong></span> <span class='ocrx_word' id='word_1_238' title='bbox 905 3669 950 3761; x_wconf 82' lang='grc' dir='ltr'><strong><em>μὴ</em></strong></span> <span class='ocrx_word' id='word_1_239' title='bbox 972 3679 1135 3761; x_wconf 72' lang='grc' dir='ltr'><strong><em>γενέσθαι</em></strong></span> <span class='ocrx_word' id='word_1_240' title='bbox 1156 3671 1290 3756; x_wconf 76' lang='grc' dir='ltr'><strong><em>τούτοις</em></strong></span> <span class='ocrx_word' id='word_1_241' title='bbox 1386 3753 1391 3762; x_wconf 52' lang='grc'>,</span> 
     </span>
    </p>
   </div>
   <div class='ocr_carea' id='block_1_5' title="bbox 272 3769 1290 3872">
    <p class='ocr_par' dir='ltr' id='par_1_5' title="bbox 272 3769 1290 3872">
     <span class='ocr_line' id='line_1_29' title="bbox 272 3769 1290 3872; baseline 0.008 -30"><span class='ocrx_word' id='word_1_242' title='bbox 272 3769 382 3854; x_wconf 87' lang='grc' dir='ltr'><strong><em>ἀίτιοι,</em></strong></span> <span class='ocrx_word' id='word_1_243' title='bbox 402 3774 489 3860; x_wconf 82' lang='grc' dir='ltr'><strong><em>ε’ίγε,</em></strong></span> <span class='ocrx_word' id='word_1_244' title='bbox 510 3769 554 3854; x_wconf 82' lang='grc' dir='ltr'><strong><em>ιίς</em></strong></span> <span class='ocrx_word' id='word_1_245' title='bbox 568 3782 690 3868; x_wconf 84' lang='grc' dir='ltr'><strong><em>φασιν,</em></strong></span> <span class='ocrx_word' id='word_1_246' title='bbox 718 3772 882 3846; x_wconf 88' lang='grc' dir='ltr'><strong><em>ἀδύνατον</em></strong></span> <span class='ocrx_word' id='word_1_247' title='bbox 900 3777 966 3844; x_wconf 81' lang='grc' dir='ltr'><strong><em>τῶν</em></strong></span> <span class='ocrx_word' id='word_1_248' title='bbox 988 3773 1098 3852; x_wconf 81' lang='grc' dir='ltr'><strong><em>ἀυτῶν</em></strong></span> <span class='ocrx_word' id='word_1_249' title='bbox 1115 3774 1290 3872; x_wconf 77' lang='grc' dir='ltr'><strong><em>περιεστά-</em></strong></span> 
     </span>
    </p>
   </div>
   <div class='ocr_carea' id='block_1_6' title="bbox 162 3872 1289 3970">
    <p class='ocr_par' dir='ltr' id='par_1_6' title="bbox 162 3872 1289 3970">
     <span class='ocr_line' id='line_1_30' title="bbox 162 3872 1289 3970; baseline 0.007 -28"><span class='ocrx_word' id='word_1_250' title='bbox 162 3905 167 3915; x_wconf 95' lang='grc'><em>·</em></span> <span class='ocrx_word' id='word_1_251' title='bbox 270 3900 337 3946; x_wconf 89' lang='grc' dir='ltr'><strong><em>των</em></strong></span> <span class='ocrx_word' id='word_1_252' title='bbox 362 3877 521 3963; x_wconf 79' lang='grc' dir='ltr'><strong><em>γίνεσθαι</em></strong></span> <span class='ocrx_word' id='word_1_253' title='bbox 544 3876 588 3946; x_wconf 80' lang='grc' dir='ltr'><strong><em>τά</em></strong></span> <span class='ocrx_word' id='word_1_254' title='bbox 613 3876 833 3967; x_wconf 71' lang='grc' dir='ltr'><strong><em>ἀντικείμενοι,</em></strong></span> <span class='ocrx_word' id='word_1_255' title='bbox 879 3873 948 3950; x_wconf 76' lang='grc' dir='ltr'><strong><em>ἀλλ’</em></strong></span> <span class='ocrx_word' id='word_1_256' title='bbox 973 3872 1027 3949; x_wconf 80' lang='grc' dir='ltr'><strong><em>ὅτι</em></strong></span> <span class='ocrx_word' id='word_1_257' title='bbox 1050 3877 1096 3968; x_wconf 81' lang='grc' dir='ltr'><strong><em>μὴ</em></strong></span> <span class='ocrx_word' id='word_1_258' title='bbox 1117 3877 1196 3970; x_wconf 79' lang='grc' dir='ltr'><strong><em>ἡμῖν</em></strong></span> <span class='ocrx_word' id='word_1_259' title='bbox 1217 3883 1289 3956; x_wconf 73' lang='grc' dir='ltr'><strong><em>ἐστι</em></strong></span> 
     </span>
    </p>
   </div>
   <div class='ocr_carea' id='block_1_7' title="bbox 274 3974 1289 4070">
    <p class='ocr_par' dir='ltr' id='par_1_7' title="bbox 274 3974 1289 4070">
     <span class='ocr_line' id='line_1_31' title="bbox 274 3974 1289 4070; baseline 0.007 -23"><span class='ocrx_word' id='word_1_260' title='bbox 274 3974 423 4070; x_wconf 78' lang='grc' dir='ltr'><strong><em>γνώριμά</em></strong></span> <span class='ocrx_word' id='word_1_261' title='bbox 437 4005 529 4064; x_wconf 85' lang='grc' dir='ltr'><strong><em>τινα,</em></strong></span> <span class='ocrx_word' id='word_1_262' title='bbox 551 3974 575 4050; x_wconf 84' lang='grc' dir='ltr'><strong><em>ά</em></strong></span> <span class='ocrx_word' id='word_1_263' title='bbox 594 3977 723 4068; x_wconf 62' lang='grc' dir='ltr'><strong><em>ἐοιιύ),</em></strong></span> <span class='ocrx_word' id='word_1_264' title='bbox 746 3979 802 4054; x_wconf 83' lang='grc' dir='ltr'><strong><em>διὰ</em></strong></span> <span class='ocrx_word' id='word_1_265' title='bbox 814 3984 916 4054; x_wconf 84' lang='grc' dir='ltr'><strong><em>τοῦτο</em></strong></span> <span class='ocrx_word' id='word_1_266' title='bbox 934 3978 1103 4056; x_wconf 75' lang='grc' dir='ltr'><strong><em>ἀκώλυτον</em></strong></span> <span class='ocrx_word' id='word_1_267' title='bbox 1124 3981 1232 4056; x_wconf 79' lang='grc' dir='ltr'><strong><em>ἀντῶν</em></strong></span> <span class='ocrx_word' id='word_1_268' title='bbox 1250 3982 1289 4054; x_wconf 85' lang='grc' dir='ltr'><strong><em>τὸ</em></strong></span> 
     </span>
    </p>
   </div>
   <div class='ocr_carea' id='block_1_8' title="bbox 0 0 1410 4762">
    <p class='ocr_par' dir='ltr' id='par_1_8' title="bbox 0 0 1410 4762">
     <span class='ocr_line' id='line_1_32' title="bbox 0 0 1410 4762; baseline 0 0"><span class='ocrx_word' id='word_1_269' title='bbox 0 0 1410 4762; x_wconf 95' lang='lat' dir='ltr'><strong><em> </em></strong></span> 
     </span>
    </p>
   </div>
  </div>
 </body>
</html>
