2804 4762
1085 383 1126 444 33

116 552 201 616 risun
235 549 325 620 deret
359 550 423 618 eins
444 550 559 630 ,quod
576 548 693 613 iactum
723 559 783 610 est.
840 551 905 612 Sed
931 549 1006 631 quin
1034 551 1125 614 nobis

117 653 270 738 cognitae
293 663 451 715 non-sunt
474 671 602 726 carnae,
627 671 686 731 per
708 673 785 733 qiias
808 652 1001 716 contrarium
1015 637 1125 734 prohi-

111 760 274 828 beretur,
311 754 384 818 ideo
411 753 473 816 dici
501 753 562 816 ista
589 753 813 834 improhibita:
846 756 940 830 haec,
979 755 1123 838 inquam,

119 859 226 922 dicere
248 877 353 920 ιιοιιιιιι
375 857 485 921 ludere
515 867 562 918 est
590 855 621 918 in
647 855 908 937 disputationibus
931 858 1055 922 minime
1078 860 1127 920 lu-

119 959 242 1024 dicris?
275 961 358 1022 Nam
379 959 529 1046 ignorare
550 971 696 1024 nostrum
722 959 798 1024 nihil
826 961 924 1024 refert
951 961 983 1024 in
1003 961 1054 1038 id,
1092 972 1129 1024 ut
1208 981 1217 1006 ι

118 1085 168 1126 ros
190 1063 272 1138 sint,
305 1061 468 1143 minisque
489 1060 564 1125 sint.
608 1061 755 1141 Apparet
779 1064 860 1124 enim
881 1065 946 1126 hoc
966 1084 1021 1128 eos
1044 1063 1128 1146 dice-

118 1187 170 1241 re,
194 1163 236 1228 sit
256 1186 297 1230 ue
319 1163 437 1246 aliquid
458 1160 489 1226 in
511 1183 622 1226 eorum
644 1183 777 1226 munero
791 1185 882 1249 ·quac
896 1177 1030 1245 possunt
1045 1187 1125 1242 esse,

119 1269 150 1332 id
170 1269 313 1350 pendere
334 1264 502 1330 'anotitia
531 1276 654 1328 nostra.
714 1264 775 1328 His
805 1265 903 1349 igitur
936 1267 991 1348 qui
1019 1289 1128 1330 caiisas

118 1371 255 1444 istorum
286 1381 427 1449 norunt,
466 1370 573 1452 quales
602 1379 674 1430 suut
704 1379 817 1444 vates,
854 1389 919 1432 non
933 1411 935 1418 ·
948 1381 1039 1433 erunt
1068 1370 1128 1434 ista

112 1494 201 1558 ‚quise
238 1471 309 1546 fieri
335 1483 482 1554 queunt,
532 1492 669 1552 quormn
700 1470 763 1552 ipsi
789 1491 899 1534 causas
926 1471 1128 1552 impedientes

118 1588 212 1647 notas
234 1577 371 1651 hahent,
401 1573 495 1640 nobis
522 1585 625 1636 autem
647 1585 739 1648 eruunt
760 1573 835 1637 talia
856 1593 937 1656 quae
959 1573 1029 1637 fieri
1051 1597 1127 1658 que·

120 1691 191 1754 ant,
231 1677 287 1760 qui
307 1675 644 1757 caiuasimpedientes
673 1697 737 1738 non
760 1677 921 1742 novimus.
987 1679 1063 1742 Hoc
1083 1677 1141 1752 illi¹

120 1784 239 1856 modo,
278 1801 373 1863 quern
389 1778 552 1853 diximus,
591 1801 722 1842 servare
752 1781 894 1856 volentes
921 1801 1027 1844 rerum
1049 1775 1129 1864 ‘spirae

121 1895 257 1966 possunt
277 1883 348 1958 fieri
370 1894 402 1946 et
424 1882 686 1964 ancipitee‘sunt,
711 1893 870 1958 naturam,
896 1881 980 1962 aiunt
998 1905 1130 1968 eaquae

120 1987 268 2050 enFato
290 1986 369 2063 fiunt
382 2031 403 2062 ‚,
428 1987 605 2099 querquetu
627 1985 970 2062 fiantinevitabiliter,
995 2007 1060 2055 non
1081 1999 1130 2050 ta-

121 2111 192 2154 men
212 2087 285 2163 ficui
302 2088 508 2170 necessarie,
542 2086 615 2168 qiua
638 2085 757 2148 scilicet
779 2100 956 2170 agnoscunt
977 2088 1048 2153 fieri
1069 2109 1130 2169 po

122 2191 228 2276 tuisse
233 2204 269 2254 ut
284 2203 315 2257 et
337 2189 533 2265 contrarium
553 2189 664 2265 fieret,
690 2209 773 2252 voce
793 2189 848 2252 itta
868 2211 991 2305 posse
1013 2191 1128 2267 fieri,

120 2296 161 2361 ita
183 2307 219 2364 ut
242 2293 397 2370 diximus,
424 2305 565 2374 accepta.
610 2292 965 2368 Haeccertc,utia1n
982 2273 1127 2370 diximus,

112 2399 294 2481 *ludentium
314 2409 405 2473 sunt,
429 2418 494 2465 ιιοιι
517 2399 634 2480 dogma
655 2395 740 2461 serio
765 2397 1009 2460 defendentium.
1045 2397 1131 2462 Huic

120 2501 219 2567 simile
243 2512 290 2564 est
312 2503 403 2582 quod
422 2499 553 2574 (dicunt,
584 2497 778 2567 enuntiatum
801 2499 903 2574 istud,
941 2521 1030 2562 cras
1051 2485 1131 2564 ina·

120 2605 155 2670 ri
185 2605 455 2688 pugnabitur,
490 2623 586 2684 posse
609 2623 678 2678 esse
702 2622 834 2676 verum,
885 2614 1076 2666 nontamen
1100 2587 1133 2666 et

21 2699 23 2706 ’
122 2707 358 2773 necessarium·
387 2729 467 2768 uam
488 2704 701 2772 necessarium
730 2725 798 2766 esse
821 2707 908 2786 quod
930 2727 1054 2788 semper
1076 2728 1132 2770 ve-

119 2833 191 2877 rum
211 2823 276 2884 ειη
298 2811 363 2874 hoc
384 2830 464 2874 vero
486 2811 625 2873 nondum
647 2830 730 2868 ιιιιιιο
752 2829 821 2870 esse
844 2829 973 2884 verum,
999 2812 1054 2872 sed
1076 2831 1132 2878 ve-

120 2936 191 2981 rum
217 2914 313 2992 fore,
352 2912 407 2981 nbi
439 2910 519 2974 inari
548 2909 759 2994 pugnabitur.'
812 2911 909 2990 Quod
936 2911 963 2972 si
995 2933 1132 2975 resnou

121 3029 167 3082 est
188 3014 388 3092 necessaria,
415 3015 500 3076 aiunt
521 3012 567 3074 illi
582 3056 590 3086 ,
605 3031 718 3096 lneque
742 3032 822 3094 ergo
845 3014 1055 3076 necessarium
1072 3027 1130 3090 cst,

121 3122 207 3202 quod
228 3117 296 3183 istis
319 3117 427 3180 verbis
450 3115 668 3199 significatur,
709 3135 749 3176 ex
771 3114 956 3176 necessitate
978 3115 1033 3178 fiet
1054 3118 1134 3180 mari

120 3221 288 3305 praelium.
333 3220 430 3300 Quod
452 3218 565 3283 sinon
588 3239 700 3280 vorum
723 3228 770 3278 est
792 3219 856 3280 hoc
879 3238 926 3278 ex
948 3221 1134 3283 necessi·

113 3336 226 3412 tate,
263 3345 334 3389 cum
357 3335 461 3399 tanuen
484 3342 593 3385 verum
616 3319 656 3402 sit
677 3321 751 3382 iore
775 3319 853 3384 inuri
874 3321 1045 3401 praelium,
1071 3341 1135 3386 nou

122 3441 227 3494 tamen
246 3449 292 3490 ex
313 3423 515 3498 necessitate,
540 3425 596 3486 sed
618 3434 653 3484 ut
674 3422 706 3486 id
729 3425 815 3504 quod
837 3443 878 3484 ex
901 3421 1027 3503 ancipiti
1043 3446 1136 3488 causa

118 3542 227 3616 potest
248 3528 344 3604 fieri,
369 3526 396 3590 si
419 3538 524 3591 autem
547 3525 746 3638 ambiguum,
771 3547 835 3589 non
858 3524 1002 3601 tollitur,
1028 3526 1133 3602 aiunt,

119 3657 192 3701 sors
226 3633 282 3694 itta
310 3651 425 3712 anceps
455 3651 514 3711 per
543 3647 599 3692 eos
631 3627 685 3708 qni
717 3628 888 3692 defendunt
918 3629 1022 3694 omnia
1052 3633 1137 3696 Fato

122 3737 205 3824 geri.
251 3737 328 3798 Hoc
347 3754 429 3796 »vcro
452 3752 561 3794 rursus
583 3728 699 3814 purtim
722 3731 895 3794 ludentium
919 3744 988 3808 est,
1005 3801 1007 3808 ¹
1019 3735 1138 3816 par-tim

121 3842 154 3904 id
184 3843 222 3902 de
252 3843 317 3924 quo
351 3836 500 3917 loquatur
538 3831 765 3922 ignorantium.
833 3835 909 3896 Non
932 3836 1015 3920 enim*
1040 3858 1138 3920 omne

124 3947 213 4028 quod
236 3964 277 4004 ex
298 3937 485 4002 necessitate
507 3936 564 4012 fit,
586 3935 829 4010 necessarium,
869 3937 896 4016 si
918 3937 950 4000 id
973 3943 1060 4024 quod
1081 3961 1136 4016 pc·
1176 3977 1177 3980 =
