2758 4760
256 399 318 466 134

256 554 490 657 ἆνεπιστάμοσὶ
518 587 551 634 τε
578 569 634 633 καὶ
662 561 808 653 άτέχνοις
828 551 895 631 άπὸ
916 559 1035 651 τύχης.”
1075 559 1175 631 ’olm
1196 559 1259 652 γάρ

255 669 275 739 6
296 670 342 761 μὴ
364 676 482 740 τέκτων
504 666 571 736 ύῐδε
591 671 657 737 τῶν
676 668 866 737 τεκτονικῶν
893 665 952 750 τὴν
973 664 1104 749 άιτίοιν,
1141 663 1218 734 οὗθ’
1242 662 1261 734 6

253 775 301 866 μὴ
321 771 481 864 μουσικὸς
506 774 571 840 τῶν
590 773 783 861 μουσικῶν,
811 767 885 839 ὀύτε
917 767 1018 849 άλλος
1046 796 1098 850 τις
1131 767 1262 859 ἄτεχνος

254 878 299 948 τά
319 880 378 962 τῆς
399 880 525 966 τέχνης·
560 877 594 944 ἐν
620 872 684 967 γάρ
707 877 751 968 τῷ
774 873 833 954 τὰς
854 871 964 953 άιτίας
984 877 1104 943 έιδὲναι
1127 875 1191 942 τῶν
1211 901 1262 960 για

254 986 395 1071 νομένων
416 974 503 1048 κατὰ
523 981 634 1068 τέχνην
655 974 676 1059 ἡ
698 984 801 1067 τέχνην

545 1375 638 1460 Περὶ
665 1375 908 1457 ἕιμαρμένης
930 1370 965 1446 ¹).

318 1502 403 1591 Περὶ
435 1501 493 1580 τῆς
525 1501 720 1588 έιμαρμένης
747 1495 840 1580 άξιον
866 1500 1125 1592 ἐπισκέψασθαι
1136 1549 1146 1581 ,
1183 1495 1214 1564 τί
1234 1493 1269 1564 τέ

257 1603 326 1670 έστι
341 1609 396 1686 καὶ
418 1603 450 1668 ἐν
473 1604 540 1670 τίσι
560 1605 623 1669 τῶν
645 1599 757 1669 ὅντωνι
805 1600 852 1668 Τὸ
877 1609 937 1688 μέν
957 1598 1022 1692 γάρ
1048 1603 1134 1670 έΐναί
1154 1625 1190 1668 τε
1211 1597 1269 1682 τὴν

255 1707 467 1794 έιμαρμένην,
495 1707 611 1784 ἱκανῶς
631 1701 651 1788 ἡ
671 1701 764 1787 κοινὴ
785 1706 850 1772 τῶν
877 1700 1067 1791 ἀνθρώπων
1098 1705 1269 1784 συνίστησι

255 1803 440 1929 πρόληψις
461 1804 562 1901 ἡγὰρ
584 1804 686 1903 φύσις
711 1805 748 1876 ού
772 1805 864 1876 κενὸν
889 1804 964 1875 οὐδὲ
990 1805 1136 1896 ἄστοχον
1153 1805 1197 1889 ²).
1235 1802 1271 1874 Ὁ

254 1909 319 2002 γάρ
347 1907 576 2005 Αναξαγύρας
603 1913 632 1992 ³)
659 1907 718 1979 οὐκ
739 1907 975 1993 άξιόπιστος’
956 1913 1212 2031 αντιμαρτυρῶν
1232 1909 1271 2004 τῇ

254 2013 348 2108 κοινῇ
369 2011 462 2110 δόξη·
494 2021 580 2103 λέγει
606 2013 671 2106 γάρ
701 2010 799 2093 ύύτός
822 2040 879 2102 γε,
917 2017 1054 2095 μηδὲν
1038 2021 1126 2081 εῖναι
1148 2039 1210 2096 τιιυ
1228 2015 1271 2080 6-

253 2121 422 2207 μαρμένην
444 2109 544 2202 ὅλως,
580 2115 650 2186 άλλ
682 2123 767 2187 ε’ἴναι
796 2114 889 2185 κενὸν
918 2119 1016 2183 τούτο
1048 2113 1201 2205 τόύνομα
1234 2108 1271 2197 ⁴).

259 2221 301 2286 Τι’
326 2223 363 2287 δέ
381 2247 446 2289 ποτ
475 2225 543 2291 ἐστὶ
561 2231 617 2290 καὶ
635 2226 668 2290 έν
690 2225 792 2301 τίσιν,
815 2215 970 2287 ούκέύλΗ
952 2249 972 2302 η
993 2221 1058 2286 τῶν
1080 2216 1272 2340 άνθρῶπων

254 2318 472 2444 πρύληιμις’
461 2321 556 2408 mam}
588 2328 686 2393 τοῦτο
715 2327 876 2415 μηνῦσαι·
913 2318 987 2390 ὀύτε
1019 2320 1086 2415 γάρ
1115 2319 1273 2405 ἀλληλοις

255 2421 331 2492 ὀύτε
348 2423 462 2507 άυτοῖς
481 2434 554 2521 περὶ
570 2432 666 2496 τοῦδε
692 2433 878 2521 συμφωνεῖν
900 2422 1078 2494 δύνανται
1100 2424 1189 2520 πρὸς
1209 2425 1271 2516 γάρ

255 2523 338 2607 τούς
353 2528 490 2621 καιρούς
510 2528 644 2609 καὶτὰς
664 2526 871 2619 περιστάσεις
895 2536 951 2597 καὶ
975 2527 1034 2611 τὴν
1004 2537 1127 2621 ιπερὶ
1150 2555 1209 2613 της
1230 2532 1273 2597 ἐι·-

254 2635 422 2722 μαρμένης
442 2630 689 2721 μεταβάλλουσι
709 2630 819 2715 δόξαν
860 2638 952 2700 Ποτέ
969 2641 1029 2721 μέν
1049 2631 1119 2724 γάρ
1142 2629 1274 2724 άπαρά-

255 2729 362 2817 βατόν
382 2759 415 2801 τι
437 2742 492 2802 καλ
513 2733 769 2829 άναπόδραστον
793 2734 853 2818 την
880 2739 1077 2828 εἰμαρμένην
1094 2741 1273 2818 τίθενται,

217 2916 220 2928 ¹
254 2842 311 2904 οιαὶ
339 2833 449 2904 πάντα
474 2865 510 2926 γε
536 2835 578 2907 τά
601 2865 636 2908 τε
661 2839 742 2908 ὄντα
768 2845 824 2907 καὶ
851 2836 893 2907 τά
921 2835 1100 2928 γιγνόμενοι
1126 2837 1274 2908 ὑποτάσ-

256 2962 372 3008 σουσιν
389 2937 488 3037 άυτῇ,
511 2953 591 3011 ποτὲ
613 2948 650 3012 δέ
670 2941 698 3026 ⁵)
724 2946 812 3011 ἐστιν
830 2939 938 3011 άυτῶν
958 2947 1014 3010 ιιαὶ
1035 2941 1075 3009 τὸ
1098 2934 1197 3037 παρά
1217 2941 1275 3026 τὴν

254 3044 451 3135 έιμοιρμένην
472 3043 614 3114 ἀκούσαι
635 3042 796 3125 πολλάκις
818 3042 977 3132 λεγόντων
988 3087 997 3127 ,
1033 3052 1091 3113 καὶ
1114 3045 1156 3115 τὸ
1183 3043 1276 3138 παρά

252 3150 385 3233 μοῖραν.
427 3145 559 3227 Καλῶς
578 3146 686 3218 έπὶτὸ
704 3153 858 3216 πλεῖστον
879 3144 929 3226 ύῐς
953 3157 1014 3236 μέν
1032 3145 1120 3236 μήτε
1147 3150 1193 3219 τά
1217 3153 1275 3233 τῆς

253 3245 352 3338 τύχης
378 3253 414 3319 ἐῶ
434 3257 528 3344 κυρεῖ
547 3249 593 3333 6),
628 3247 710 3340 μητε
731 3276 764 3318 τι
785 3253 914 3339 μάλλον
934 3249 978 3318 τά
1000 3254 1059 3334 τῆς
1082 3250 1221 3342 γνώμης
1240 3279 1273 3321 τε

253 3359 310 3421 καὶ
333 3351 393 3436 τὴς
415 3352 537 3434 οἰκείας
557 3358 778 3446 προαιρέσεως
802 3355 942 3446 έῤῥωται
954 3405 963 3436 ,
999 3357 1050 3422 ἐπὶ
1071 3354 1136 3438 τὴν
1158 3362 1275 3450 έιμαρω
1325 3415 1327 3424 ,

252 3459 351 3543 μένην
379 3452 422 3536 ῶς
448 3455 676 3552 κρησφύγετον
704 3453 733 3539 ⁷)
762 3454 1029 3552 καταφεύγουσι,
1062 3455 1128 3540 τὴν
1162 3458 1275 3530 άιτίαν

253 3559 318 3624 τῶν
337 3556 383 3647 μὴ
406 3556 544 3638 δεόντως
564 3565 798 3651 πεπραγμένων
821 3585 856 3627 τε
884 3556 905 3642 ἢ
928 3566 1170 3650 πραττομένων
1198 3569 1275 3633 ἱαυε
1357 3649 1359 3656 γ

251 3669 322 3741 τοῖς
338 3659 396 3754 ἀφ’
417 3664 540 3731 ἑαυτῶν
565 3659 609 3729 ἐπ’
637 3665 758 3745 ἐκείνην
781 3667 1037 3756 μεταφέροντες,
1070 3672 1131 3733 καὶ
1161 3664 1273 3737 πάντα

175 3847 178 3854 ἡ
250 3777 288 3851 γε
316 3771 421 3858 φασὶν
446 3762 539 3833 ὁῦτοι
566 3762 641 3833 τύτε
665 3770 823 3852 γίνεσθαι
852 3763 933 3833 καθ’
952 3769 1191 3858 ·έιμαρμένην·-
1216 3797 1274 3860 μεε

158 3953 161 3960 Ι
252 3865 458 3952 ταπεσούσης
483 3873 518 3936 δέ
543 3869 601 3952 τῆς
622 3865 721 3958 τύχης
746 3873 797 3937 ἐπὶ
824 3867 863 3935 τὸ
887 3873 1035 3956 βέλτιον,
1072 3871 1191 3943 ούκέτι
1223 3877 1275 3942 έπλ

250 3973 308 4053 τῆς
335 3969 438 4053 άντῆς
470 3968 565 4055 δόξης
598 3975 761 4060 μένουσιν.
815 3969 889 4050 Ὀἱς
921 3976 955 4040 δέ
985 3972 1028 4040 τοὶ
1056 3979 1119 4058 τῆς
1149 3976 1274 4056 οἰκείας
