2758 4760
258 367 298 432 98

271 591 277 600 ‚
331 532 376 594 Ἐι
394 531 454 614 γὰρ
474 530 633 610 φυτεύσεις
651 527 749 590 πάιδα
766 535 815 600 ς),
835 527 995 592 ἀποκτενεῖ
1014 527 1037 590 σ“
1061 529 1079 590 5
1098 528 1159 607 φύς
1177 536 1216 606 7)-

336 635 400 697 Καὶ
418 640 479 702 πᾶς
497 631 551 701 σὸς
569 631 653 702 ὁῖκος
669 631 801 749 βήσεται
819 629 864 692 δι’
875 633 1017 714 δείματος.

261 747 385 836 φασὶν,
422 735 465 818 ὡς
492 732 643 857 κηρύττει
672 732 715 802 τόι
736 731 982 856 συγγράμματα
1004 733 1128 819 ἀυτῶν,
1165 732 1280 834 όύτας,

261 841 364 914 ἀντόν
382 844 569 962 χρήσαι,μ
544 837 590 930 μὴ
613 835 657 920 ὡς
678 834 738 906 οὐκ
759 834 873 907 ἐιδότα
895 830 967 922 ⁸)‘'
947 865 999 910 οτι
1020 837 1066 928 μή
1087 836 1272 923 πεισθήσι·

261 974 318 1018 ται
339 942 480 1028 (πάντας
501 942 566 1036 γὰρ
586 945 714 1030 μᾶλλον
734 939 819 1036 ᾔδει)
841 934 955 1009 ἀλλ’
936 968 989 1010 οτι
1008 946 1111 1061 μηδὲν
1130 951 1192 1032 μὲν
1212 940 1274 1012 ἀν’·
1303 1029 1304 1032 ¹

262 1053 322 1120 τοῦ
351 1050 502 1117 τοιοῦτον
524 1041 712 1140 χρήσαντος
724 1095 733 1126 ,
765 1041 862 1114 οῦδὲν
828 1044 999 1132 λε’μελλε
1031 1048 1096 1114 τῶν
1124 1047 1154 1128 5)
1186 1044 1274 1116 κατὰ
1301 1114 1304 1120 ,

259 1152 320 1236 τήν
339 1155 546 1245 περιπέτειαν
567 1147 626 1232 τὴν
653 1154 728 1241 περὶ
755 1144 814 1217 τὸν
834 1143 945 1216 Λάιόν
966 1173 1000 1216 τε
1021 1156 1078 1216 καὶ
1099 1145 1157 1218 τόν
1183 1146 1274 1218 0555·

260 1281 343 1326 πουν
374 1258 553 1374 γινομένων
579 1253 770 1370 γίνεσθαι·
792 1246 866 1318 όύτε
894 1248 959 1370 γὰρ
992 1248 1033 1321 ἀν
1065 1247 1272 1374 ἐξέθηκενῗό
1370 1279 1374 1290 ·

262 1354 372 1438 Λάϊος
393 1355 450 1426 τόν
467 1352 648 1446 γενόμενον
678 1349 768 1447 ἆυτῳ
753 1349 958 1437 naidas
935 1382 978 1434 ως
999 1355 1170 1449 ἐξέθηκεν,
1204 1352 1270 1424 οὐτ’

260 1457 491 1587 ἀναιρεθεὶς
475 1486 494 1527 ο
515 1465 595 1538 παῖς
615 1453 680 1526 ύπό
701 1482 760 1524 του
745 1453 966 1544 βουκόλου,
988 1484 1044 1526 και
1033 1461 1176 1544 δοθεὶς
1189 1455 1274 1552 πρός

260 1566 441 1646 ειςποίησιν
462 1564 544 1656 τῷ
538 1561 710 1680 Ἶόρινθύμ
732 1555 902 1653 Πολύβῳ,
930 1549 1119 1682 ἀνδρωθεὶς
1139 1569 1196 1632 καὶ
1216 1588 1273 1632 πε-

260 1663 456 1760 ριτυχόιν
420 1692 467 1734 τοι
452 1667 588 1758 Λαΐῳ
610 1661 697 1732 κατὰ
719 1660 779 1745 τὴν
801 1658 897 1746 ὁδόν,
930 1660 1058 1751 ἀγνοοῦν
1079 1690 1113 1732 τε
1135 1671 1190 1733 καὶ
1213 1661 1273 1755 ἀγ·

258 1765 435 1858 νοούμενος
457 1764 641 1836 ἀπέκτεινεν
663 1761 776 1835 ἀυτόν.
823 1763 869 1833 05
891 1763 955 1860 γάρ
978 1764 1019 1836 ἀν
1040 1793 1120 1836 ποτε
1142 1763 1186 1848 ὡς
1202 1764 1274 1848 ύιός

258 1871 352 1942 ἔνδον
371 1868 448 1965 παρ’
472 1867 563 1964 ἀντῷ
591 1865 792 1964 τρεφόμενος
817 1873 862 1952 ¹⁰)
891 1865 1031 1968 ήγνόησε
1053 1868 1131 1951 τούς
1152 1878 1275 1958 γονεῖς,

259 1970 303 2054 ὡς
323 1972 382 2043 τὸν
403 1981 462 2063 μὲν
484 1971 592 2042 ἀυτῶν
613 1969 820 2054 ἀποκτεῖναι,
856 1970 916 2054 τήν
944 1975 980 2042 δὲ
1010 1976 1050 2056 ¹¹)
1079 1969 1275 2062 ἀγαγέσθαι

260 2076 344 2171 πρός
364 2073 482 2168 γάμον.
515 2063 628 2156 “’οότως
650 2072 709 2144 όῦν
728 2077 837 2144 ταῦτα
857 2071 968 2144 πάντα
994 2079 1094 2172 σωθῇ
1115 2084 1172 2144 καλ
1192 2082 1275 2162 πλη-

261 2185 361 2276 ρωθῇ
382 2178 422 2248 τὸ
443 2183 502 2263 τῆς
524 2183 720 2272 ἑιμαρμὲνης
749 2180 883 2269 δρᾶμα,
920 2181 1113 2272 φαντασίαν
1142 2175 1160 2246 5
1191 2177 1276 2260 θεὸς

261 2283 320 2354 διά
341 2288 401 2352 τοῦ
419 2284 571 2376 χρησμοῦ
592 2283 639 2375 τῷ
652 2284 752 2374 Aa'5’5
771 2285 931 2372 παρέσχεν
952 2277 997 2362 ὡς
1018 2285 1188 2375 δυναμένῳ
1211 2311 1276 2378 φυ-

261 2384 438 2469 λάξασθαι
466 2378 513 2453 τά
542 2381 734 2473 λεγόμενα,
754 2390 811 2452 καὶ
840 2387 906 2452 ἐπεὶ
926 2389 1120 2474 μεθυσθεὶς
1142 2388 1277 2457 ἐπαιδο-

259 2487 444 2574 ποιήσατο,
465 2491 600 2573 ἐξέθηκε
621 2485 661 2555 τό
682 2482 855 2576 γενόμενον
876 2489 1027 2570 παίδιον,
1061 2484 1104 2568 ὡς
1124 2492 1277 2582 διαφθς.

261 2596 342 2688 ρῦν,
371 2586 445 2677 ήτις
466 2593 602 2686 ἕκθεσις
630 2587 723 2659 ἀιτὶα
750 2592 814 2659 τῶν
836 2586 976 2660 ἀνοσίαν
996 2585 1120 2680 μύθων
1141 2595 1277 2680 ἐγένετο.

142 2757 148 2764 .
241 2695 354 2767 ’Ἕῐτα
378 2700 428 2778 τίς
448 2699 555 2764 ταῦτα
579 2698 681 2782 λέγων
705 2695 774 2773 πῶς
797 2690 819 2777 5
840 2689 934 2776 σύζει
958 2693 1137 2784 μαντικὴν,
1163 2694 1278 2792 ἢπερὶ

185 2795 189 2810 '
263 2803 358 2872 θεῶν
385 2800 551 2886 εὐσεβείας
578 2801 624 2881 ¹²)
657 2792 806 2866 διδάσκει
833 2792 1035 2892 προλήψεις,
1069 2797 1091 2883 5
1113 2796 1278 2893 χρήσιμόν

263 2933 299 2976 τι
318 2905 480 2974 δείκνυσιν
504 2903 645 2992 ἔχουσαν
665 2897 725 2983 τήν
748 2896 928 2990 μαντικήνς
960 2897 1010 2970 Ἡ
1023 2909 1085 2991 μεν
1108 2901 1173 2993 γὰρ
1193 2931 1278 2994 μην.

265 3007 339 3092 τινὴ
365 3012 457 3079 δοκεῖ
477 3008 540 3076 τῶν
568 2999 753 3094 μελλόντων
777 2999 1022 3097 προαγόρευσις
1045 3008 1145 3091 ε’ἴναι,
1181 3014 1215 3076 οἱ
1242 3013 1280 3080 δὲ

264 3111 325 3183 τόν
336 3107 491 3232 Απόλλω
503 3105 644 3192 ποιητὴν
665 3097 709 3176 ὧν
728 3102 946 3197 προαγορεύει
959 3110 1122 3178 ποιοῦσιν.
1146 3103 1278 3231 Ὃγάρ

261 3214 328 3286 οῦκ
347 3213 389 3285 ἂν
406 3210 511 3293 όύτως
530 3215 653 3301 ἐγενετο
675 3207 721 3298 μὴ
743 3211 863 3278 τοῦτον
877 3207 935 3279 τὸν
953 3206 1078 3304 τρόπον
1090 3207 1280 3305 χρήσαντος

267 3322 328 3390 τοῦ
353 3320 459 3399 θεοῦ,
490 3322 547 3385 καὶ
568 3309 592 3383 5
585 3309 672 3382 διά
687 3313 786 3380 τοῦτο
813 3307 917 3393 όύτως
939 3313 1071 3406 ἔχρησεν
1095 3320 1154 3400 ¹³),
1190 3309 1280 3400 ὅπως

268 3430 402 3515 γένηται
429 3418 473 3488 τὰ
505 3414 550 3488 ἐπ’
578 3413 692 3495 ἀυτοῐς
715 3411 893 3504 γενόμενα,
929 3420 997 3496 πῶς
1028 3415 1087 3487 οῦκ
1116 3420 1198 3541 ἔργα
1218 3423 1280 3490 τοῦ

266 3524 468 3656 χρήσαντος,
501 3518 570 3590 ἀλλ’
603 3517 642 3588 ού
670 3515 811 3608 μήνυσις
837 3521 901 3588 τῶν
932 3522 1124 3643 ἰσομύνυνς
1137 3519 1268 3592 Αλλ”
1252 3551 1280 3594 ει

270 3637 327 3701 καλ
351 3633 403 3698 δεῖ
419 3631 518 3698 πλέον
544 3625 661 3692 τιτῶν
686 3619 794 3691 ἀλλων
814 3619 961 3710 μάντεων
975 3623 1058 3745 ἔχειν
1071 3622 1149 3705 τοῦς
1162 3625 1279 3710 θεούς,

270 3729 314 3815 ὡς
342 3740 398 3802 καὶ
421 3723 646 3821 συμπράσσειν
673 3731 743 3805 τοῖς
768 3727 935 3813 ἐσομένοις
954 3724 1038 3848 πρὸς
1057 3725 1096 3796 τό
1120 3731 1280 3816 γίνεσθαι

273 3831 546 3958 συνεργούμενον,
568 3837 624 3898 καὶ
642 3826 730 3950 γάρ
731 3832 763 3895 05
782 3834 918 3910 ποιηταὶ
935 3826 1034 3897 τοῦτό
1048 3858 1084 3917 γε
1100 3859 1174 3958 περι
1163 3838 1281 3904 θεῶν

269 3937 444 4028 ὑμνοῦντες
465 3928 720 4015 διατελοῦσιν,“
711 3922 779 4000 ότι
785 3927 853 4021 ἀρα
872 3932 934 4000 εἰσὶ
955 3932 1151 4025 δοτήρες”
1115 3961 1199 4004 εαιον
1225 3933 1280 4022 ¹⁴),
