<?xml version="1.0" encoding="UTF-8"?>
<!DOCTYPE html PUBLIC "-//W3C//DTD XHTML 1.0 Transitional//EN"
    "http://www.w3.org/TR/xhtml1/DTD/xhtml1-transitional.dtd">
<html xmlns="http://www.w3.org/1999/xhtml" xml:lang="en" lang="en">
 <head>
  <title>
</title>
<meta http-equiv="Content-Type" content="text/html;charset=utf-8" />
  <meta name='ocr-system' content='tesseract 3.04.00' />
  <meta name='ocr-capabilities' content='ocr_page ocr_carea ocr_par ocr_line ocrx_word'/>
</head>
<body>
  <div class='ocr_page' id='page_1' title='image "./alexandriaphrod00bardgoog_0057.png"; bbox 0 0 2804 4762; ppageno 0'>
   <div class='ocr_carea' id='block_1_1' title="bbox 1086 410 1122 468">
    <p class='ocr_par' dir='ltr' id='par_1_1' title="bbox 1086 410 1122 468">
     <span class='ocr_line' id='line_1_1' title="bbox 1086 410 1122 468; baseline 0 0"><span class='ocrx_word' id='word_1_1' title='bbox 1086 410 1122 468; x_wconf 75' lang='lat' dir='ltr'><strong>ll</strong></span> 
     </span>
    </p>
   </div>
   <div class='ocr_carea' id='block_1_2' title="bbox 185 580 1123 766">
    <p class='ocr_par' dir='ltr' id='par_1_2' title="bbox 185 580 1123 766">
     <span class='ocr_line' id='line_1_2' title="bbox 536 580 668 644; baseline 0 0"><span class='ocrx_word' id='word_1_2' title='bbox 536 585 538 592; x_wconf 81' lang='grc'>’</span> <span class='ocrx_word' id='word_1_3' title='bbox 586 580 668 644; x_wconf 87' lang='lat' dir='ltr'><strong>Xll.</strong></span> 
     </span>
     <span class='ocr_line' id='line_1_3' title="bbox 185 682 1123 766; baseline -0.001 -20"><span class='ocrx_word' id='word_1_4' title='bbox 185 685 255 747; x_wconf 88' lang='lat' dir='ltr'><strong>Iam</strong></span> <span class='ocrx_word' id='word_1_5' title='bbox 281 703 360 747; x_wconf 88' lang='lat' dir='ltr'><strong>vero</strong></span> <span class='ocrx_word' id='word_1_6' title='bbox 383 685 505 748; x_wconf 87' lang='lat' dir='ltr'><strong>sublata</strong></span> <span class='ocrx_word' id='word_1_7' title='bbox 519 703 577 766; x_wconf 86' lang='lat' dir='ltr'><strong>per</strong></span> <span class='ocrx_word' id='word_1_8' title='bbox 595 683 674 748; x_wconf 90' lang='lat' dir='ltr'><strong>istos</strong></span> <span class='ocrx_word' id='word_1_9' title='bbox 698 684 730 746; x_wconf 90' lang='lat' dir='ltr'><strong>vi</strong></span> <span class='ocrx_word' id='word_1_10' title='bbox 749 682 967 758; x_wconf 80' lang='lat' dir='ltr'><strong>consultandi,</strong></span> <span class='ocrx_word' id='word_1_11' title='bbox 1001 682 1123 747; x_wconf 88' lang='lat' dir='ltr'><strong>tollitur</strong></span> 
     </span>
    </p>
   </div>
   <div class='ocr_carea' id='block_1_3' title="bbox 120 785 1202 3959">
    <p class='ocr_par' dir='ltr' id='par_1_3' title="bbox 120 785 1202 3959">
     <span class='ocr_line' id='line_1_4' title="bbox 123 785 1123 869; baseline -0.002 -19"><span class='ocrx_word' id='word_1_12' title='bbox 123 787 288 850; x_wconf 83' lang='lat' dir='ltr'><strong>manifeste</strong></span> <span class='ocrx_word' id='word_1_13' title='bbox 305 799 336 850; x_wconf 87' lang='lat' dir='ltr'><strong>et</strong></span> <span class='ocrx_word' id='word_1_14' title='bbox 359 787 486 850; x_wconf 86' lang='lat' dir='ltr'><strong>volendi</strong></span> <span class='ocrx_word' id='word_1_15' title='bbox 499 787 641 850; x_wconf 85' lang='lat' dir='ltr'><strong>libertas.</strong></span> <span class='ocrx_word' id='word_1_16' title='bbox 685 788 767 849; x_wconf 90' lang='lat' dir='ltr'><strong>Nam</strong></span> <span class='ocrx_word' id='word_1_17' title='bbox 783 809 891 850; x_wconf 89' lang='lat' dir='ltr'><strong>omnes</strong></span> <span class='ocrx_word' id='word_1_18' title='bbox 913 785 967 869; x_wconf 90' lang='lat' dir='ltr'><strong>qui</strong></span> <span class='ocrx_word' id='word_1_19' title='bbox 981 807 1044 850; x_wconf 93' lang='lat' dir='ltr'><strong>non</strong></span> <span class='ocrx_word' id='word_1_20' title='bbox 1059 787 1123 850; x_wconf 87' lang='lat' dir='ltr'><strong>suis</strong></span> 
     </span>
     <span class='ocr_line' id='line_1_5' title="bbox 121 887 1125 972; baseline -0.002 -20"><span class='ocrx_word' id='word_1_21' title='bbox 121 889 247 972; x_wconf 86' lang='lat' dir='ltr'><strong>placitis</strong></span> <span class='ocrx_word' id='word_1_22' title='bbox 263 887 359 952; x_wconf 85' lang='lat' dir='ltr'><strong>defixi</strong></span> <span class='ocrx_word' id='word_1_23' title='bbox 371 900 460 964; x_wconf 85' lang='lat' dir='ltr'><strong>sunt,</strong></span> <span class='ocrx_word' id='word_1_24' title='bbox 484 887 517 951; x_wconf 91' lang='lat' dir='ltr'><strong>in</strong></span> <span class='ocrx_word' id='word_1_25' title='bbox 532 909 572 952; x_wconf 89' lang='lat' dir='ltr'><strong>eo</strong></span> <span class='ocrx_word' id='word_1_26' title='bbox 584 889 808 970; x_wconf 88' lang='lat' dir='ltr'><strong>ponuntistam</strong></span> <span class='ocrx_word' id='word_1_27' title='bbox 818 889 1012 964; x_wconf 88' lang='lat' dir='ltr'><strong>libertatem,</strong></span> <span class='ocrx_word' id='word_1_28' title='bbox 1037 891 1125 972; x_wconf 90' lang='lat' dir='ltr'><strong>qnod</strong></span> 
     </span>
     <span class='ocr_line' id='line_1_6' title="bbox 122 990 1124 1076; baseline -0.002 -20"><span class='ocrx_word' id='word_1_29' title='bbox 122 992 241 1058; x_wconf 91' lang='lat' dir='ltr'><strong>domini</strong></span> <span class='ocrx_word' id='word_1_30' title='bbox 265 991 360 1054; x_wconf 87' lang='lat' dir='ltr'><strong>simus</strong></span> <span class='ocrx_word' id='word_1_31' title='bbox 384 990 497 1075; x_wconf 86' lang='lat' dir='ltr'><strong>agendi</strong></span> <span class='ocrx_word' id='word_1_32' title='bbox 518 993 569 1054; x_wconf 86' lang='lat' dir='ltr'><strong>vel</strong></span> <span class='ocrx_word' id='word_1_33' title='bbox 587 1012 653 1054; x_wconf 91' lang='lat' dir='ltr'><strong>non</strong></span> <span class='ocrx_word' id='word_1_34' title='bbox 674 992 804 1076; x_wconf 84' lang='lat' dir='ltr'><strong>agendi,</strong></span> <span class='ocrx_word' id='word_1_35' title='bbox 827 991 871 1055; x_wconf 90' lang='lat' dir='ltr'><strong>ita</strong></span> <span class='ocrx_word' id='word_1_36' title='bbox 890 1004 924 1055; x_wconf 90' lang='lat' dir='ltr'><strong>ut</strong></span> <span class='ocrx_word' id='word_1_37' title='bbox 943 1013 1007 1056; x_wconf 93' lang='lat' dir='ltr'><strong>non</strong></span> <span class='ocrx_word' id='word_1_38' title='bbox 1026 1013 1124 1076; x_wconf 81' lang='lat' dir='ltr'><strong>coga-</strong></span> 
     </span>
     <span class='ocr_line' id='line_1_7' title="bbox 122 1093 1126 1178; baseline -0.004 -18"><span class='ocrx_word' id='word_1_39' title='bbox 122 1109 194 1160; x_wconf 85' lang='lat' dir='ltr'><strong>mur</strong></span> <span class='ocrx_word' id='word_1_40' title='bbox 215 1094 304 1178; x_wconf 89' lang='lat' dir='ltr'><strong>sequi</strong></span> <span class='ocrx_word' id='word_1_41' title='bbox 327 1113 435 1158; x_wconf 81' lang='lat' dir='ltr'>causas</span> <span class='ocrx_word' id='word_1_42' title='bbox 458 1105 603 1158; x_wconf 86' lang='lat' dir='ltr'><strong>externas</strong></span> <span class='ocrx_word' id='word_1_43' title='bbox 626 1105 680 1156; x_wconf 91' lang='lat' dir='ltr'><strong>aut</strong></span> <span class='ocrx_word' id='word_1_44' title='bbox 694 1095 760 1176; x_wconf 89' lang='lat' dir='ltr'><strong>pati</strong></span> <span class='ocrx_word' id='word_1_45' title='bbox 779 1116 836 1158; x_wconf 84' lang='lat' dir='ltr'><strong>nos</strong></span> <span class='ocrx_word' id='word_1_46' title='bbox 855 1116 917 1177; x_wconf 88' lang='lat' dir='ltr'><strong>qua</strong></span> <span class='ocrx_word' id='word_1_47' title='bbox 939 1096 1052 1158; x_wconf 90' lang='lat' dir='ltr'><strong>ducant</strong></span> <span class='ocrx_word' id='word_1_48' title='bbox 1067 1093 1126 1156; x_wconf 89' lang='lat' dir='ltr'><strong>im·</strong></span> 
     </span>
     <span class='ocr_line' id='line_1_8' title="bbox 122 1195 1124 1282; baseline -0.004 -20"><span class='ocrx_word' id='word_1_49' title='bbox 122 1198 212 1282; x_wconf 86' lang='lat' dir='ltr'><strong>pelli.</strong></span> <span class='ocrx_word' id='word_1_50' title='bbox 268 1199 328 1261; x_wconf 89' lang='lat' dir='ltr'><strong>Est</strong></span> <span class='ocrx_word' id='word_1_51' title='bbox 358 1208 461 1260; x_wconf 87' lang='lat' dir='ltr'><strong>autem</strong></span> <span class='ocrx_word' id='word_1_52' title='bbox 492 1195 544 1260; x_wconf 89' lang='lat' dir='ltr'><strong>hic</strong></span> <span class='ocrx_word' id='word_1_53' title='bbox 573 1196 703 1260; x_wconf 88' lang='lat' dir='ltr'><strong>dilectus</strong></span> <span class='ocrx_word' id='word_1_54' title='bbox 732 1197 899 1278; x_wconf 90' lang='lat' dir='ltr'><strong>proprium</strong></span> <span class='ocrx_word' id='word_1_55' title='bbox 926 1197 1060 1262; x_wconf 91' lang='lat' dir='ltr'><strong>hominis</strong></span> <span class='ocrx_word' id='word_1_56' title='bbox 1092 1197 1124 1260; x_wconf 91' lang='lat' dir='ltr'><strong>in</strong></span> 
     </span>
     <span class='ocr_line' id='line_1_9' title="bbox 121 1298 1127 1382; baseline -0.002 -16"><span class='ocrx_word' id='word_1_57' title='bbox 121 1303 182 1366; x_wconf 87' lang='lat' dir='ltr'><strong>hac</strong></span> <span class='ocrx_word' id='word_1_58' title='bbox 204 1322 240 1364; x_wconf 87' lang='lat' dir='ltr'><strong>re</strong></span> <span class='ocrx_word' id='word_1_59' title='bbox 263 1321 357 1382; x_wconf 86' lang='lat' dir='ltr'><strong>opus.</strong></span> <span class='ocrx_word' id='word_1_60' title='bbox 418 1300 500 1362; x_wconf 88' lang='lat' dir='ltr'><strong>Nam</strong></span> <span class='ocrx_word' id='word_1_61' title='bbox 529 1299 561 1362; x_wconf 89' lang='lat' dir='ltr'><strong>in</strong></span> <span class='ocrx_word' id='word_1_62' title='bbox 589 1298 622 1362; x_wconf 92' lang='lat' dir='ltr'><strong>id</strong></span> <span class='ocrx_word' id='word_1_63' title='bbox 648 1302 735 1382; x_wconf 83' lang='lat' dir='ltr'><strong>quod</strong></span> <span class='ocrx_word' id='word_1_64' title='bbox 767 1298 949 1364; x_wconf 78' lang='lat' dir='ltr'>deliberatio</span> <span class='ocrx_word' id='word_1_65' title='bbox 978 1299 1127 1380; x_wconf 84' lang='lat' dir='ltr'><strong>praetulit</strong></span> 
     </span>
     <span class='ocr_line' id='line_1_10' title="bbox 122 1400 1126 1486; baseline -0.005 -18"><span class='ocrx_word' id='word_1_66' title='bbox 122 1427 196 1468; x_wconf 87' lang='lat' dir='ltr'><strong>cum</strong></span> <span class='ocrx_word' id='word_1_67' title='bbox 218 1402 377 1486; x_wconf 88' lang='lat' dir='ltr'><strong>appetitu,</strong></span> <span class='ocrx_word' id='word_1_68' title='bbox 415 1403 515 1466; x_wconf 91' lang='lat' dir='ltr'><strong>motio</strong></span> <span class='ocrx_word' id='word_1_69' title='bbox 538 1401 630 1466; x_wconf 91' lang='lat' dir='ltr'><strong>animi</strong></span> <span class='ocrx_word' id='word_1_70' title='bbox 651 1413 699 1465; x_wconf 89' lang='lat' dir='ltr'><strong>est</strong></span> <span class='ocrx_word' id='word_1_71' title='bbox 720 1402 863 1466; x_wconf 89' lang='lat' dir='ltr'><strong>dilectus.</strong></span> <span class='ocrx_word' id='word_1_72' title='bbox 908 1402 1015 1482; x_wconf 85' lang='lat' dir='ltr'><strong>Quare</strong></span> <span class='ocrx_word' id='word_1_73' title='bbox 1036 1401 1067 1464; x_wconf 87' lang='lat' dir='ltr'><strong>in</strong></span> <span class='ocrx_word' id='word_1_74' title='bbox 1089 1400 1126 1464; x_wconf 89' lang='lat' dir='ltr'><strong>iis</strong></span> 
     </span>
     <span class='ocr_line' id='line_1_11' title="bbox 122 1505 1127 1592; baseline -0.004 -22"><span class='ocrx_word' id='word_1_75' title='bbox 122 1529 203 1592; x_wconf 90' lang='lat' dir='ltr'><strong>quae</strong></span> <span class='ocrx_word' id='word_1_76' title='bbox 226 1505 357 1570; x_wconf 90' lang='lat' dir='ltr'><strong>omnino</strong></span> <span class='ocrx_word' id='word_1_77' title='bbox 378 1505 557 1570; x_wconf 89' lang='lat' dir='ltr'><strong>necessario</strong></span> <span class='ocrx_word' id='word_1_78' title='bbox 578 1505 678 1582; x_wconf 88' lang='lat' dir='ltr'><strong>fiunt,</strong></span> <span class='ocrx_word' id='word_1_79' title='bbox 698 1505 834 1568; x_wconf 79' lang='lat' dir='ltr'><strong>&#39;dilectus</strong></span> <span class='ocrx_word' id='word_1_80' title='bbox 855 1505 914 1570; x_wconf 87' lang='lat' dir='ltr'><strong>iste</strong></span> <span class='ocrx_word' id='word_1_81' title='bbox 935 1506 1041 1570; x_wconf 89' lang='lat' dir='ltr'><strong>locum</strong></span> <span class='ocrx_word' id='word_1_82' title='bbox 1053 1527 1127 1568; x_wconf 84' lang='lat' dir='ltr'><strong>-non</strong></span> 
     </span>
     <span class='ocr_line' id='line_1_12' title="bbox 121 1606 1124 1692; baseline -0.004 -18"><span class='ocrx_word' id='word_1_83' title='bbox 121 1614 237 1674; x_wconf 87' lang='lat' dir='ltr'><strong>hahet:</strong></span> <span class='ocrx_word' id='word_1_84' title='bbox 262 1611 318 1672; x_wconf 91' lang='lat' dir='ltr'><strong>sed</strong></span> <span class='ocrx_word' id='word_1_85' title='bbox 340 1606 451 1671; x_wconf 92' lang='lat' dir='ltr'><strong>necin</strong></span> <span class='ocrx_word' id='word_1_86' title='bbox 472 1608 530 1684; x_wconf 88' lang='lat' dir='ltr'><strong>iis,</strong></span> <span class='ocrx_word' id='word_1_87' title='bbox 555 1629 635 1692; x_wconf 89' lang='lat' dir='ltr'><strong>quae</strong></span> <span class='ocrx_word' id='word_1_88' title='bbox 656 1610 736 1671; x_wconf 89' lang='lat' dir='ltr'><strong>citra</strong></span> <span class='ocrx_word' id='word_1_89' title='bbox 757 1608 972 1672; x_wconf 86' lang='lat' dir='ltr'><strong>necessitatem</strong></span> <span class='ocrx_word' id='word_1_90' title='bbox 987 1607 1124 1692; x_wconf 90' lang='lat' dir='ltr'><strong>quidem,</strong></span> 
     </span>
     <span class='ocr_line' id='line_1_13' title="bbox 121 1706 1127 1794; baseline -0.004 -16"><span class='ocrx_word' id='word_1_91' title='bbox 121 1717 178 1778; x_wconf 86' lang='lat' dir='ltr'><strong>sed</strong></span> <span class='ocrx_word' id='word_1_92' title='bbox 199 1735 265 1776; x_wconf 92' lang='lat' dir='ltr'><strong>non</strong></span> <span class='ocrx_word' id='word_1_93' title='bbox 286 1733 345 1794; x_wconf 84' lang='lat' dir='ltr'><strong>per</strong></span> <span class='ocrx_word' id='word_1_94' title='bbox 366 1732 425 1774; x_wconf 89' lang='lat' dir='ltr'><strong>nos</strong></span> <span class='ocrx_word' id='word_1_95' title='bbox 448 1710 538 1775; x_wconf 86' lang='lat' dir='ltr'><strong>fiunt.</strong></span> <span class='ocrx_word' id='word_1_96' title='bbox 589 1706 803 1794; x_wconf 68' lang='lat' dir='ltr'><strong>Neque&#39;vero</strong></span> <span class='ocrx_word' id='word_1_97' title='bbox 822 1712 856 1774; x_wconf 90' lang='lat' dir='ltr'><strong>in</strong></span> <span class='ocrx_word' id='word_1_98' title='bbox 878 1712 1022 1776; x_wconf 88' lang='lat' dir='ltr'><strong>omnibns</strong></span> <span class='ocrx_word' id='word_1_99' title='bbox 1045 1731 1127 1794; x_wconf 88' lang='lat' dir='ltr'><strong>quae</strong></span> 
     </span>
     <span class='ocr_line' id='line_1_14' title="bbox 120 1812 1129 1900; baseline -0.002 -22"><span class='ocrx_word' id='word_1_100' title='bbox 120 1839 181 1900; x_wconf 84' lang='lat' dir='ltr'><strong>per</strong></span> <span class='ocrx_word' id='word_1_101' title='bbox 209 1837 268 1879; x_wconf 86' lang='lat' dir='ltr'><strong>nos</strong></span> <span class='ocrx_word' id='word_1_102' title='bbox 298 1815 399 1889; x_wconf 83' lang='lat' dir='ltr'><strong>fiunt,</strong></span> <span class='ocrx_word' id='word_1_103' title='bbox 437 1813 546 1876; x_wconf 88' lang='lat' dir='ltr'><strong>sedin</strong></span> <span class='ocrx_word' id='word_1_104' title='bbox 567 1812 707 1896; x_wconf 82' lang='lat' dir='ltr'><strong>iisquae</strong></span> <span class='ocrx_word' id='word_1_105' title='bbox 729 1813 772 1877; x_wconf 89' lang='lat' dir='ltr'><strong>ita</strong></span> <span class='ocrx_word' id='word_1_106' title='bbox 793 1837 852 1896; x_wconf 89' lang='lat' dir='ltr'><strong>per</strong></span> <span class='ocrx_word' id='word_1_107' title='bbox 873 1835 931 1878; x_wconf 92' lang='lat' dir='ltr'><strong>nos</strong></span> <span class='ocrx_word' id='word_1_108' title='bbox 953 1813 1054 1891; x_wconf 88' lang='lat' dir='ltr'><strong>fiunt,</strong></span> <span class='ocrx_word' id='word_1_109' title='bbox 1093 1826 1129 1876; x_wconf 90' lang='lat' dir='ltr'><strong>ut</strong></span> 
     </span>
     <span class='ocr_line' id='line_1_15' title="bbox 123 1915 1127 2011; baseline -0.002 -29"><span class='ocrx_word' id='word_1_110' title='bbox 123 1918 243 1984; x_wconf 90' lang='lat' dir='ltr'><strong>domini</strong></span> <span class='ocrx_word' id='word_1_111' title='bbox 264 1917 360 2011; x_wconf 70' lang='lat' dir='ltr'><strong>sirpus</strong></span> <span class='ocrx_word' id='word_1_112' title='bbox 383 1915 434 1980; x_wconf 86' lang='lat' dir='ltr'><strong>vel</strong></span> <span class='ocrx_word' id='word_1_113' title='bbox 456 1917 568 2000; x_wconf 83' lang='lat' dir='ltr'><strong>agendi</strong></span> <span class='ocrx_word' id='word_1_114' title='bbox 590 1916 643 1979; x_wconf 88' lang='lat' dir='ltr'><strong>vel</strong></span> <span class='ocrx_word' id='word_1_115' title='bbox 664 1939 729 1980; x_wconf 92' lang='lat' dir='ltr'><strong>non</strong></span> <span class='ocrx_word' id='word_1_116' title='bbox 751 1916 877 2002; x_wconf 81' lang='lat' dir='ltr'><strong>agendi.</strong></span> <span class='ocrx_word' id='word_1_117' title='bbox 935 1919 1018 1980; x_wconf 87' lang='lat' dir='ltr'><strong>Nam</strong></span> <span class='ocrx_word' id='word_1_118' title='bbox 1040 1917 1127 2000; x_wconf 91' lang='lat' dir='ltr'><strong>quis·</strong></span> 
     </span>
     <span class='ocr_line' id='line_1_16' title="bbox 122 2017 1128 2106; baseline -0.001 -22"><span class='ocrx_word' id='word_1_119' title='bbox 122 2023 253 2106; x_wconf 76' lang='lat' dir='ltr'><strong>quiade</strong></span> <span class='ocrx_word' id='word_1_120' title='bbox 282 2041 317 2082; x_wconf 88' lang='lat' dir='ltr'><strong>re</strong></span> <span class='ocrx_word' id='word_1_121' title='bbox 346 2019 450 2102; x_wconf 90' lang='lat' dir='ltr'><strong>aliqua</strong></span> <span class='ocrx_word' id='word_1_122' title='bbox 479 2017 656 2096; x_wconf 89' lang='lat' dir='ltr'><strong>consultat,</strong></span> <span class='ocrx_word' id='word_1_123' title='bbox 700 2033 753 2084; x_wconf 90' lang='lat' dir='ltr'><strong>aut</strong></span> <span class='ocrx_word' id='word_1_124' title='bbox 781 2022 959 2098; x_wconf 88' lang='lat' dir='ltr'><strong>consultat,</strong></span> <span class='ocrx_word' id='word_1_125' title='bbox 997 2043 1036 2082; x_wconf 93' lang='lat' dir='ltr'><strong>an</strong></span> <span class='ocrx_word' id='word_1_126' title='bbox 1064 2023 1128 2085; x_wconf 91' lang='lat' dir='ltr'><strong>hoc</strong></span> 
     </span>
     <span class='ocr_line' id='line_1_17' title="bbox 123 2122 1127 2202; baseline -0.003 -13"><span class='ocrx_word' id='word_1_127' title='bbox 123 2129 231 2191; x_wconf 85' lang='lat' dir='ltr'><strong>lacere</strong></span> <span class='ocrx_word' id='word_1_128' title='bbox 255 2134 308 2186; x_wconf 86' lang='lat' dir='ltr'><strong>aut</strong></span> <span class='ocrx_word' id='word_1_129' title='bbox 329 2143 393 2185; x_wconf 93' lang='lat' dir='ltr'><strong>non</strong></span> <span class='ocrx_word' id='word_1_130' title='bbox 414 2122 521 2185; x_wconf 86' lang='lat' dir='ltr'><strong>facere</strong></span> <span class='ocrx_word' id='word_1_131' title='bbox 545 2133 709 2202; x_wconf 82' lang='lat' dir='ltr'><strong>oporteat,</strong></span> <span class='ocrx_word' id='word_1_132' title='bbox 748 2134 800 2183; x_wconf 91' lang='lat' dir='ltr'><strong>aut</strong></span> <span class='ocrx_word' id='word_1_133' title='bbox 822 2123 900 2185; x_wconf 91' lang='lat' dir='ltr'><strong>boni</strong></span> <span class='ocrx_word' id='word_1_134' title='bbox 921 2123 1048 2186; x_wconf 88' lang='lat' dir='ltr'><strong>alicuius</strong></span> <span class='ocrx_word' id='word_1_135' title='bbox 1071 2145 1127 2186; x_wconf 88' lang='lat' dir='ltr'><strong>cu-</strong></span> 
     </span>
     <span class='ocr_line' id='line_1_18' title="bbox 124 2206 1129 2312; baseline -0.003 -20"><span class='ocrx_word' id='word_1_136' title='bbox 124 2206 214 2312; x_wconf 89' lang='lat' dir='ltr'><strong>pidus</strong></span> <span class='ocrx_word' id='word_1_137' title='bbox 250 2225 396 2310; x_wconf 89' lang='lat' dir='ltr'><strong>quaerit,</strong></span> <span class='ocrx_word' id='word_1_138' title='bbox 441 2225 474 2286; x_wconf 91' lang='lat' dir='ltr'><strong>id</strong></span> <span class='ocrx_word' id='word_1_139' title='bbox 505 2226 667 2307; x_wconf 89' lang='lat' dir='ltr'><strong>quomodo</strong></span> <span class='ocrx_word' id='word_1_140' title='bbox 705 2224 907 2308; x_wconf 85' lang='lat' dir='ltr'><strong>adipiscatur.</strong></span> <span class='ocrx_word' id='word_1_141' title='bbox 974 2225 1069 2305; x_wconf 86' lang='lat' dir='ltr'><strong>Quod</strong></span> <span class='ocrx_word' id='word_1_142' title='bbox 1102 2226 1129 2289; x_wconf 84' lang='lat' dir='ltr'><strong>si</strong></span> 
     </span>
     <span class='ocr_line' id='line_1_19' title="bbox 125 2326 1126 2416; baseline -0.004 -22"><span class='ocrx_word' id='word_1_143' title='bbox 125 2328 289 2416; x_wconf 85' lang='lat' dir='ltr'><strong>quaerenti</strong></span> <span class='ocrx_word' id='word_1_144' title='bbox 311 2326 428 2411; x_wconf 89' lang='lat' dir='ltr'><strong>aliquid</strong></span> <span class='ocrx_word' id='word_1_145' title='bbox 447 2329 479 2390; x_wconf 91' lang='lat' dir='ltr'><strong>in</strong></span> <span class='ocrx_word' id='word_1_146' title='bbox 502 2339 634 2390; x_wconf 84' lang='lat' dir='ltr'><strong>mentem</strong></span> <span class='ocrx_word' id='word_1_147' title='bbox 657 2327 743 2390; x_wconf 87' lang='lat' dir='ltr'><strong>venit</strong></span> <span class='ocrx_word' id='word_1_148' title='bbox 764 2331 852 2411; x_wconf 88' lang='lat' dir='ltr'><strong>quod</strong></span> <span class='ocrx_word' id='word_1_149' title='bbox 877 2327 947 2390; x_wconf 89' lang='lat' dir='ltr'><strong>fieri</strong></span> <span class='ocrx_word' id='word_1_150' title='bbox 967 2340 1126 2412; x_wconf 69' lang='lat' dir='ltr'><strong>nequent,</strong></span> 
     </span>
     <span class='ocr_line' id='line_1_20' title="bbox 125 2430 1128 2515; baseline -0.004 -17"><span class='ocrx_word' id='word_1_151' title='bbox 125 2435 229 2499; x_wconf 89' lang='lat' dir='ltr'><strong>statim</strong></span> <span class='ocrx_word' id='word_1_152' title='bbox 253 2435 292 2496; x_wconf 89' lang='lat' dir='ltr'><strong>ab</strong></span> <span class='ocrx_word' id='word_1_153' title='bbox 322 2431 387 2494; x_wconf 90' lang='lat' dir='ltr'><strong>eius</strong></span> <span class='ocrx_word' id='word_1_154' title='bbox 418 2430 610 2514; x_wconf 82' lang='lat' dir='ltr'><strong>cogitatione</strong></span> <span class='ocrx_word' id='word_1_155' title='bbox 638 2453 671 2494; x_wconf 90' lang='lat' dir='ltr'><strong>se</strong></span> <span class='ocrx_word' id='word_1_156' title='bbox 700 2433 825 2495; x_wconf 88' lang='lat' dir='ltr'><strong>avertit.</strong></span> <span class='ocrx_word' id='word_1_157' title='bbox 883 2434 995 2515; x_wconf 86' lang='lat' dir='ltr'><strong>Neque</strong></span> <span class='ocrx_word' id='word_1_158' title='bbox 1028 2432 1128 2495; x_wconf 87' lang='lat' dir='ltr'><strong>minus</strong></span> 
     </span>
     <span class='ocr_line' id='line_1_21' title="bbox 125 2534 1128 2622; baseline -0.002 -22"><span class='ocrx_word' id='word_1_159' title='bbox 125 2554 157 2602; x_wconf 84' lang='lat' dir='ltr'><strong>se</strong></span> <span class='ocrx_word' id='word_1_160' title='bbox 180 2537 294 2600; x_wconf 87' lang='lat' dir='ltr'><strong>avertit</strong></span> <span class='ocrx_word' id='word_1_161' title='bbox 317 2537 356 2596; x_wconf 92' lang='lat' dir='ltr'><strong>ab</strong></span> <span class='ocrx_word' id='word_1_162' title='bbox 378 2534 439 2598; x_wconf 89' lang='lat' dir='ltr'><strong>illis</strong></span> <span class='ocrx_word' id='word_1_163' title='bbox 451 2579 471 2622; x_wconf 14' lang='lat' dir='ltr'><strong>,q</strong></span> <span class='ocrx_word' id='word_1_164' title='bbox 492 2555 571 2617; x_wconf 89' lang='lat' dir='ltr'><strong>quae</strong></span> <span class='ocrx_word' id='word_1_165' title='bbox 593 2545 665 2596; x_wconf 91' lang='lat' dir='ltr'><strong>sunt</strong></span> <span class='ocrx_word' id='word_1_166' title='bbox 687 2534 812 2617; x_wconf 86' lang='lat' dir='ltr'><strong>quidem</strong></span> <span class='ocrx_word' id='word_1_167' title='bbox 833 2558 892 2618; x_wconf 88' lang='lat' dir='ltr'><strong>per</strong></span> <span class='ocrx_word' id='word_1_168' title='bbox 913 2556 947 2598; x_wconf 89' lang='lat' dir='ltr'><strong>se</strong></span> <span class='ocrx_word' id='word_1_169' title='bbox 969 2557 1035 2599; x_wconf 87' lang='lat' dir='ltr'><strong>non</strong></span> <span class='ocrx_word' id='word_1_170' title='bbox 1055 2536 1128 2598; x_wconf 84' lang='lat' dir='ltr'><strong>talia</strong></span> 
     </span>
     <span class='ocr_line' id='line_1_22' title="bbox 125 2637 1129 2724; baseline -0.006 -18"><span class='ocrx_word' id='word_1_171' title='bbox 125 2655 159 2706; x_wconf 90' lang='lat' dir='ltr'><strong>ut</strong></span> <span class='ocrx_word' id='word_1_172' title='bbox 182 2638 312 2706; x_wconf 89' lang='lat' dir='ltr'><strong>omnino</strong></span> <span class='ocrx_word' id='word_1_173' title='bbox 333 2637 404 2700; x_wconf 89' lang='lat' dir='ltr'><strong>fieri</strong></span> <span class='ocrx_word' id='word_1_174' title='bbox 426 2649 602 2724; x_wconf 84' lang='lat' dir='ltr'><strong>nequeant,</strong></span> <span class='ocrx_word' id='word_1_175' title='bbox 643 2648 674 2698; x_wconf 91' lang='lat' dir='ltr'><strong>at</strong></span> <span class='ocrx_word' id='word_1_176' title='bbox 702 2659 767 2702; x_wconf 92' lang='lat' dir='ltr'><strong>non</strong></span> <span class='ocrx_word' id='word_1_177' title='bbox 795 2638 826 2700; x_wconf 92' lang='lat' dir='ltr'><strong>in</strong></span> <span class='ocrx_word' id='word_1_178' title='bbox 855 2638 952 2719; x_wconf 89' lang='lat' dir='ltr'><strong>ipsius</strong></span> <span class='ocrx_word' id='word_1_179' title='bbox 976 2637 1030 2722; x_wconf 92' lang='lat' dir='ltr'><strong>qui</strong></span> <span class='ocrx_word' id='word_1_180' title='bbox 1050 2656 1129 2701; x_wconf 91' lang='lat' dir='ltr'><strong>con-</strong></span> 
     </span>
     <span class='ocr_line' id='line_1_23' title="bbox 125 2731 1127 2826; baseline -0.006 -18"><span class='ocrx_word' id='word_1_181' title='bbox 125 2747 219 2808; x_wconf 89' lang='lat' dir='ltr'><strong>sultat</strong></span> <span class='ocrx_word' id='word_1_182' title='bbox 246 2752 423 2824; x_wconf 82' lang='lat' dir='ltr'><strong>potestate,</strong></span> <span class='ocrx_word' id='word_1_183' title='bbox 468 2751 652 2824; x_wconf 87' lang='lat' dir='ltr'><strong>perstatque</strong></span> <span class='ocrx_word' id='word_1_184' title='bbox 679 2742 723 2804; x_wconf 90' lang='lat' dir='ltr'><strong>ita</strong></span> <span class='ocrx_word' id='word_1_185' title='bbox 752 2731 789 2804; x_wconf 90' lang='lat' dir='ltr'><strong>de</strong></span> <span class='ocrx_word' id='word_1_186' title='bbox 816 2743 925 2806; x_wconf 76' lang='lat' dir='ltr'><strong>muno</strong></span> <span class='ocrx_word' id='word_1_187' title='bbox 956 2761 1127 2826; x_wconf 81' lang='lat' dir='ltr'><strong>quaerero,</strong></span> 
     </span>
     <span class='ocr_line' id='line_1_24' title="bbox 127 2843 1129 2925; baseline -0.004 -15"><span class='ocrx_word' id='word_1_188' title='bbox 127 2852 229 2912; x_wconf 89' lang='lat' dir='ltr'><strong>donec</strong></span> <span class='ocrx_word' id='word_1_189' title='bbox 250 2845 281 2908; x_wconf 91' lang='lat' dir='ltr'><strong>in</strong></span> <span class='ocrx_word' id='word_1_190' title='bbox 305 2845 432 2925; x_wconf 86' lang='lat' dir='ltr'><strong>aliquod</strong></span> <span class='ocrx_word' id='word_1_191' title='bbox 454 2843 618 2920; x_wconf 85' lang='lat' dir='ltr'><strong>deveniat,</strong></span> <span class='ocrx_word' id='word_1_192' title='bbox 658 2843 745 2906; x_wconf 90' lang='lat' dir='ltr'><strong>cuius</strong></span> <span class='ocrx_word' id='word_1_193' title='bbox 775 2865 808 2906; x_wconf 87' lang='lat' dir='ltr'><strong>se</strong></span> <span class='ocrx_word' id='word_1_194' title='bbox 829 2856 918 2925; x_wconf 89' lang='lat' dir='ltr'><strong>putat</strong></span> <span class='ocrx_word' id='word_1_195' title='bbox 940 2845 1056 2921; x_wconf 76' lang='lat' dir='ltr'><strong>habere</strong></span> <span class='ocrx_word' id='word_1_196' title='bbox 1079 2866 1129 2906; x_wconf 91' lang='lat' dir='ltr'><strong>ar-</strong></span> 
     </span>
     <span class='ocr_line' id='line_1_25' title="bbox 127 2947 1127 3030; baseline -0.004 -16"><span class='ocrx_word' id='word_1_197' title='bbox 127 2950 275 3030; x_wconf 81' lang='lat' dir='ltr'><strong>bitrium:</strong></span> <span class='ocrx_word' id='word_1_198' title='bbox 298 2959 364 3008; x_wconf 89' lang='lat' dir='ltr'><strong>tum</strong></span> <span class='ocrx_word' id='word_1_199' title='bbox 387 2967 466 3010; x_wconf 86' lang='lat' dir='ltr'><strong>vero</strong></span> <span class='ocrx_word' id='word_1_200' title='bbox 489 2969 507 3008; x_wconf 90' lang='lat' dir='ltr'><strong>a</strong></span> <span class='ocrx_word' id='word_1_201' title='bbox 530 2947 758 3010; x_wconf 87' lang='lat' dir='ltr'><strong>consultatione</strong></span> <span class='ocrx_word' id='word_1_202' title='bbox 780 2947 928 3030; x_wconf 81' lang='lat' dir='ltr'><strong>longiore</strong></span> <span class='ocrx_word' id='word_1_203' title='bbox 951 2947 1127 3021; x_wconf 87' lang='lat' dir='ltr'><strong>abstinens,</strong></span> 
     </span>
     <span class='ocr_line' id='line_1_26' title="bbox 127 3049 1202 3136; baseline -0.003 -20"><span class='ocrx_word' id='word_1_204' title='bbox 127 3066 160 3116; x_wconf 94' lang='lat' dir='ltr'><strong>ut</strong></span> <span class='ocrx_word' id='word_1_205' title='bbox 192 3050 248 3136; x_wconf 90' lang='lat' dir='ltr'><strong>qui</strong></span> <span class='ocrx_word' id='word_1_206' title='bbox 277 3049 492 3133; x_wconf 86' lang='lat' dir='ltr'><strong>quaestionem</strong></span> <span class='ocrx_word' id='word_1_207' title='bbox 527 3049 626 3111; x_wconf 82' lang='lat' dir='ltr'><strong>adid</strong></span> <span class='ocrx_word' id='word_1_208' title='bbox 651 3049 857 3131; x_wconf 85' lang='lat' dir='ltr'><strong>perduxerit,</strong></span> <span class='ocrx_word' id='word_1_209' title='bbox 903 3053 989 3132; x_wconf 88' lang='lat' dir='ltr'><strong>quod</strong></span> <span class='ocrx_word' id='word_1_210' title='bbox 1018 3051 1130 3134; x_wconf 83' lang='lat' dir='ltr'><strong>agendi</strong></span> <span class='ocrx_word' id='word_1_211' title='bbox 1200 3105 1202 3113; x_wconf 31' lang='lat' dir='ltr'><em>s</em></span> 
     </span>
     <span class='ocr_line' id='line_1_27' title="bbox 127 3150 1131 3239; baseline -0.006 -19"><span class='ocrx_word' id='word_1_212' title='bbox 127 3154 317 3239; x_wconf 88' lang='lat' dir='ltr'><strong>principium</strong></span> <span class='ocrx_word' id='word_1_213' title='bbox 333 3165 402 3228; x_wconf 90' lang='lat' dir='ltr'><strong>est,</strong></span> <span class='ocrx_word' id='word_1_214' title='bbox 422 3173 516 3237; x_wconf 80' lang='lat' dir='ltr'><strong>agere</strong></span> <span class='ocrx_word' id='word_1_215' title='bbox 530 3151 639 3234; x_wconf 84' lang='lat' dir='ltr'><strong>incipit</strong></span> <span class='ocrx_word' id='word_1_216' title='bbox 659 3152 692 3214; x_wconf 93' lang='lat' dir='ltr'><strong>id</strong></span> <span class='ocrx_word' id='word_1_217' title='bbox 713 3155 799 3234; x_wconf 89' lang='lat' dir='ltr'><strong>quod</strong></span> <span class='ocrx_word' id='word_1_218' title='bbox 820 3173 860 3212; x_wconf 87' lang='lat' dir='ltr'><strong>ex</strong></span> <span class='ocrx_word' id='word_1_219' title='bbox 882 3150 1021 3215; x_wconf 57' lang='lat' dir='ltr'><strong>usu&#39;est.</strong></span> <span class='ocrx_word' id='word_1_220' title='bbox 1056 3155 1131 3235; x_wconf 89' lang='lat' dir='ltr'><strong>Ipsa</strong></span> 
     </span>
     <span class='ocr_line' id='line_1_28' title="bbox 127 3254 1132 3344; baseline -0.003 -21"><span class='ocrx_word' id='word_1_221' title='bbox 127 3277 268 3344; x_wconf 70' lang='lat' dir='ltr'><strong>quoque¹</strong></span> <span class='ocrx_word' id='word_1_222' title='bbox 295 3254 455 3338; x_wconf 84' lang='lat' dir='ltr'><strong>inquisitio</strong></span> <span class='ocrx_word' id='word_1_223' title='bbox 483 3255 534 3317; x_wconf 49' lang='lat' dir='ltr'><strong>¹sic</strong></span> <span class='ocrx_word' id='word_1_224' title='bbox 559 3255 606 3316; x_wconf 53' lang='lat' dir='ltr'><strong>‘ab</strong></span> <span class='ocrx_word' id='word_1_225' title='bbox 633 3255 689 3318; x_wconf 92' lang='lat' dir='ltr'><strong>illo</strong></span> <span class='ocrx_word' id='word_1_226' title='bbox 717 3254 888 3318; x_wconf 88' lang='lat' dir='ltr'><strong>instituitur</strong></span> <span class='ocrx_word' id='word_1_227' title='bbox 909 3267 1056 3338; x_wconf 90' lang='lat' dir='ltr'><strong>tanquam</strong></span> <span class='ocrx_word' id='word_1_228' title='bbox 1078 3256 1132 3338; x_wconf 83' lang='lat' dir='ltr'><strong>qui</strong></span> 
     </span>
     <span class='ocr_line' id='line_1_29' title="bbox 126 3339 1130 3446; baseline -0.004 -20"><span class='ocrx_word' id='word_1_229' title='bbox 126 3373 317 3446; x_wconf 83' lang='lat' dir='ltr'><strong>potestatem</strong></span> <span class='ocrx_word' id='word_1_230' title='bbox 338 3359 453 3424; x_wconf 84' lang='lat' dir='ltr'><strong>habeat</strong></span> <span class='ocrx_word' id='word_1_231' title='bbox 475 3358 610 3422; x_wconf 73' lang='lat' dir='ltr'><strong>vel&#39;hoc</strong></span> <span class='ocrx_word' id='word_1_232' title='bbox 632 3361 683 3434; x_wconf 66' lang='lat' dir='ltr'><strong>pel</strong></span> <span class='ocrx_word' id='word_1_233' title='bbox 705 3361 898 3423; x_wconf 89' lang='lat' dir='ltr'><strong>eontrarium</strong></span> <span class='ocrx_word' id='word_1_234' title='bbox 912 3339 1046 3444; x_wconf 79' lang='lat' dir='ltr'><strong>agendi.</strong></span> <span class='ocrx_word' id='word_1_235' title='bbox 1091 3361 1130 3424; x_wconf 92' lang='lat' dir='ltr'><strong>In</strong></span> 
     </span>
     <span class='ocr_line' id='line_1_30' title="bbox 129 3461 1130 3550; baseline -0.003 -21"><span class='ocrx_word' id='word_1_236' title='bbox 129 3485 255 3550; x_wconf 87' lang='lat' dir='ltr'><strong>quaque</strong></span> <span class='ocrx_word' id='word_1_237' title='bbox 278 3462 361 3529; x_wconf 87' lang='lat' dir='ltr'><strong>enim</strong></span> <span class='ocrx_word' id='word_1_238' title='bbox 382 3481 435 3536; x_wconf 86' lang='lat' dir='ltr'><strong>re,</strong></span> <span class='ocrx_word' id='word_1_239' title='bbox 461 3481 540 3542; x_wconf 85' lang='lat' dir='ltr'><strong>quae</strong></span> <span class='ocrx_word' id='word_1_240' title='bbox 562 3461 594 3522; x_wconf 92' lang='lat' dir='ltr'><strong>in</strong></span> <span class='ocrx_word' id='word_1_241' title='bbox 616 3463 874 3544; x_wconf 84' lang='lat' dir='ltr'><strong>deliberationem</strong></span> <span class='ocrx_word' id='word_1_242' title='bbox 897 3464 981 3526; x_wconf 88' lang='lat' dir='ltr'><strong>venit</strong></span> <span class='ocrx_word' id='word_1_243' title='bbox 993 3509 1003 3540; x_wconf 97' lang='lat'><strong>,</strong></span> <span class='ocrx_word' id='word_1_244' title='bbox 1027 3464 1130 3547; x_wconf 89' lang='lat' dir='ltr'><strong>inqui-</strong></span> 
     </span>
     <span class='ocr_line' id='line_1_31' title="bbox 129 3565 1133 3650; baseline -0.003 -17"><span class='ocrx_word' id='word_1_245' title='bbox 129 3565 203 3632; x_wconf 87' lang='lat' dir='ltr'><strong>sitio</strong></span> <span class='ocrx_word' id='word_1_246' title='bbox 226 3569 262 3629; x_wconf 84' lang='lat' dir='ltr'><strong>fit</strong></span> <span class='ocrx_word' id='word_1_247' title='bbox 285 3587 303 3628; x_wconf 90' lang='lat' dir='ltr'><strong>a</strong></span> <span class='ocrx_word' id='word_1_248' title='bbox 325 3565 538 3638; x_wconf 87' lang='lat' dir='ltr'><strong>consultante,</strong></span> <span class='ocrx_word' id='word_1_249' title='bbox 562 3565 629 3626; x_wconf 86' lang='lat' dir='ltr'><strong>hoc</strong></span> <span class='ocrx_word' id='word_1_250' title='bbox 647 3588 685 3627; x_wconf 93' lang='lat' dir='ltr'><strong>ne</strong></span> <span class='ocrx_word' id='word_1_251' title='bbox 700 3565 876 3634; x_wconf 84' lang='lat' dir='ltr'><strong>laciendum</strong></span> <span class='ocrx_word' id='word_1_252' title='bbox 890 3566 967 3648; x_wconf 85' lang='lat' dir='ltr'><strong>ipsi,</strong></span> <span class='ocrx_word' id='word_1_253' title='bbox 993 3589 1031 3630; x_wconf 94' lang='lat' dir='ltr'><strong>an</strong></span> <span class='ocrx_word' id='word_1_254' title='bbox 1042 3570 1133 3650; x_wconf 86' lang='lat' dir='ltr'><strong>quod</strong></span> 
     </span>
     <span class='ocr_line' id='line_1_32' title="bbox 127 3666 1131 3752; baseline -0.003 -17"><span class='ocrx_word' id='word_1_255' title='bbox 127 3669 323 3742; x_wconf 84' lang='lat' dir='ltr'><strong>contrarium</strong></span> <span class='ocrx_word' id='word_1_256' title='bbox 352 3679 415 3744; x_wconf 82' lang='lat' dir='ltr'><strong>est,</strong></span> <span class='ocrx_word' id='word_1_257' title='bbox 456 3666 548 3730; x_wconf 83' lang='lat' dir='ltr'><strong>etiam</strong></span> <span class='ocrx_word' id='word_1_258' title='bbox 582 3669 620 3728; x_wconf 87' lang='lat' dir='ltr'><strong>ab</strong></span> <span class='ocrx_word' id='word_1_259' title='bbox 651 3689 689 3730; x_wconf 89' lang='lat' dir='ltr'><strong>eo</strong></span> <span class='ocrx_word' id='word_1_260' title='bbox 720 3669 773 3752; x_wconf 89' lang='lat' dir='ltr'><strong>qui</strong></span> <span class='ocrx_word' id='word_1_261' title='bbox 802 3681 914 3733; x_wconf 88' lang='lat' dir='ltr'><strong>cuneta</strong></span> <span class='ocrx_word' id='word_1_262' title='bbox 932 3670 1025 3735; x_wconf 88' lang='lat' dir='ltr'><strong>-dicat</strong></span> <span class='ocrx_word' id='word_1_263' title='bbox 1047 3672 1131 3734; x_wconf 85' lang='lat' dir='ltr'><strong>Fato</strong></span> 
     </span>
     <span class='ocr_line' id='line_1_33' title="bbox 126 3769 1131 3856; baseline -0.002 -18"><span class='ocrx_word' id='word_1_264' title='bbox 126 3774 211 3839; x_wconf 85' lang='lat' dir='ltr'><strong>fieri.</strong></span> <span class='ocrx_word' id='word_1_265' title='bbox 249 3770 386 3834; x_wconf 81' lang='lat' dir='ltr'><strong>¹Reiellit</strong></span> <span class='ocrx_word' id='word_1_266' title='bbox 413 3769 494 3835; x_wconf 87' lang='lat' dir='ltr'><strong>enim</strong></span> <span class='ocrx_word' id='word_1_267' title='bbox 521 3769 699 3852; x_wconf 87' lang='lat' dir='ltr'><strong>ipsa·inter</strong></span> <span class='ocrx_word' id='word_1_268' title='bbox 733 3775 890 3856; x_wconf 84' lang='lat' dir='ltr'><strong>agendum</strong></span> <span class='ocrx_word' id='word_1_269' title='bbox 913 3773 1028 3838; x_wconf 88' lang='lat' dir='ltr'><strong>veritas</strong></span> <span class='ocrx_word' id='word_1_270' title='bbox 1050 3774 1131 3836; x_wconf 83' lang='lat' dir='ltr'><strong>falso</strong></span> 
     </span>
     <span class='ocr_line' id='line_1_34' title="bbox 128 3874 1132 3959; baseline -0.002 -19"><span class='ocrx_word' id='word_1_271' title='bbox 128 3887 300 3959; x_wconf 76' lang='lat' dir='ltr'><strong>conceptas</strong></span> <span class='ocrx_word' id='word_1_272' title='bbox 331 3874 507 3955; x_wconf 88' lang='lat' dir='ltr'><strong>opiniones.</strong></span> <span class='ocrx_word' id='word_1_273' title='bbox 564 3874 734 3954; x_wconf 86' lang='lat' dir='ltr'><strong>Quomodo</strong></span> <span class='ocrx_word' id='word_1_274' title='bbox 766 3897 938 3940; x_wconf 84' lang='lat' dir='ltr'><strong>veronen</strong></span> <span class='ocrx_word' id='word_1_275' title='bbox 961 3877 999 3940; x_wconf 90' lang='lat' dir='ltr'><strong>sit</strong></span> <span class='ocrx_word' id='word_1_276' title='bbox 1022 3880 1132 3940; x_wconf 90' lang='lat' dir='ltr'><strong>absur-</strong></span> 
     </span>
    </p>
   </div>
   <div class='ocr_carea' id='block_1_4' title="bbox 127 3977 1225 4054">
    <p class='ocr_par' dir='ltr' id='par_1_4' title="bbox 127 3977 1225 4054">
     <span class='ocr_line' id='line_1_35' title="bbox 127 3977 1225 4054; baseline -0.003 -10"><span class='ocrx_word' id='word_1_277' title='bbox 127 3985 204 4050; x_wconf 86' lang='lat' dir='ltr'><strong>dum</strong></span> <span class='ocrx_word' id='word_1_278' title='bbox 227 3979 333 4048; x_wconf 80' lang='lat' dir='ltr'><strong>dicere</strong></span> <span class='ocrx_word' id='word_1_279' title='bbox 352 3977 418 4041; x_wconf 82' lang='lat' dir='ltr'><strong>falli</strong></span> <span class='ocrx_word' id='word_1_280' title='bbox 436 3977 471 4044; x_wconf 88' lang='lat' dir='ltr'><strong>&#39;in</strong></span> <span class='ocrx_word' id='word_1_281' title='bbox 494 3977 555 4046; x_wconf 83' lang='lat' dir='ltr'><strong>hoc</strong></span> <span class='ocrx_word' id='word_1_282' title='bbox 586 3999 666 4046; x_wconf 86' lang='lat' dir='ltr'><strong>rea</strong></span> <span class='ocrx_word' id='word_1_283' title='bbox 696 3990 806 4054; x_wconf 82' lang='lat' dir='ltr'><strong>natura</strong></span> <span class='ocrx_word' id='word_1_284' title='bbox 834 3980 975 4048; x_wconf 86' lang='lat' dir='ltr'><strong>homines</strong></span> <span class='ocrx_word' id='word_1_285' title='bbox 1005 3981 1133 4045; x_wconf 89' lang='lat' dir='ltr'><strong>univer·</strong></span> <span class='ocrx_word' id='word_1_286' title='bbox 1222 3997 1225 4009; x_wconf 64' lang='lat'><em>¹</em></span> 
     </span>
    </p>
   </div>
   <div class='ocr_carea' id='block_1_5' title="bbox 0 0 1418 4762">
    <p class='ocr_par' dir='ltr' id='par_1_5' title="bbox 0 0 1418 4762">
     <span class='ocr_line' id='line_1_36' title="bbox 0 0 1418 4762; baseline 0 0"><span class='ocrx_word' id='word_1_287' title='bbox 0 0 1418 4762; x_wconf 95' lang='lat' dir='ltr'><strong> </strong></span> 
     </span>
    </p>
   </div>
  </div>
 </body>
</html>
