2804 4762
269 429 311 492 68

269 596 417 689 ηασθαί
436 607 531 678 τινα,
567 591 627 663 οὐκ
651 589 819 676 ἐόξασθαι
843 598 957 675 θεοῖς,
987 589 1026 662 οό
1045 587 1280 684 χάρινάυτοῖς

266 701 390 785 γνῶναι
403 701 475 792 περί
487 723 600 779 τινων,
621 693 691 766 οὐδ’
709 696 792 765 άλλο
809 723 843 764 τι
856 702 961 765 ποιεῖν
978 691 1087 764 όῐόντε
1107 696 1172 764 τῶν
1186 691 1280 788 ὀφει-

269 807 414 890 λιμένων
445 798 586 889 εὐλόγως
619 795 824 888 γίνεσθαι
806 797 871 868 υπὸ
903 800 968 867 τῶν
996 805 1053 866 καὶ
1081 799 1144 866 τοῦ
1173 804 1281 866 ποιεῖν

269 909 430 987 ἕκαστον,
482 896 527 974 ὧν
565 907 698 974 ποιοῦσι
733 901 794 986 τὴν
825 903 975 984 ἐξουσίαν
1011 897 1283 970 πεπιστευκότων.

265 1003 373 1076 Ἀλλά
389 1006 454 1097 μὴν
472 1009 530 1090 ἔξω
545 1003 669 1076 τούτων
686 1001 861 1095 άβίωτος“
843 1032 863 1073 ο
877 1007 942 1074 τῶν
952 1000 1143 1097 ἀνθρώπων
1153 1005 1228 1092 βίος
1242 1007 1281 1085 ⁸),
1307 1025 1309 1030 ’

269 1117 326 1178 καὶ
347 1107 424 1180 οὐδὲ
444 1109 505 1227 τὴν
525 1108 629 1204 ἀρχὴν
649 1106 879 1202 άνθράπων”
860 1135 919 1179 ετι.

732 1213 814 1282 ΚΑ.

216 1320 220 1328 ’
275 1377 280 1388 .
332 1321 431 1401 Μηδὲ
459 1320 561 1387 ἐκεῖνο
588 1313 675 1385 δὲ
654 1323 734 1405 ημῖν
763 1313 977 1398 ἀνεξέταστον
1001 1314 1283 1410 παραλελεόγθω,

269 1422 299 1488 ἐί
318 1447 370 1501 τις
386 1415 556 1488 ὑπόθοιτο
578 1423 605 1502 ¹)
623 1422 725 1509 μηδὲν
745 1420 873 1506 μᾶλλον
896 1415 1015 1502 ἆληθῆ
1035 1423 1119 1487 έῖναι
1139 1417 1179 1486 τό
1200 1419 1284 1488 ἐῖναί

269 1549 303 1594 τι
321 1519 424 1602 όιίτως
442 1519 492 1617 ἐφ’
516 1519 610 1612 ἡμῖν,
639 1518 683 1602 ὡς
707 1517 800 1617 ἡμεῖς
822 1547 857 1589 τε
880 1518 1033 1610 ἀξιοῦμεν
1050 1521 1085 1604 ²)
1102 1527 1159 1590 καὶ
1178 1517 1199 1604 ἡ
1219 1523 1285 1590 τῶν

268 1622 473 1719 πραγμάτων
486 1622 589 1720 φάσις
602 1625 685 1714 ἔχειν
697 1629 860 1717 μαρτυρεῖ
864 1675 874 1706 ,
895 1625 956 1693 τοῦ
965 1620 1078 1694 πάντα
1091 1626 1125 1708 ἐξ
1138 1620 1285 1712 ἀνάγκης

269 1755 305 1796 τε
329 1730 489 1822 γίνεσθαι
520 1735 577 1796 καὶ
606 1723 689 1796 καθ’
722 1731 935 1816 ἐιμαρμένην,
970 1723 1040 1796 ἀλλ’
1067 1730 1151 1796 ἐῐναι
1172 1729 1285 1811 ἐπίσης

270 1827 423 1925 ἑκάτερον
450 1829 473 1914 ἢ
502 1829 622 1900 πιστόν
649 1828 672 1914 ἢ
700 1827 877 1913 όίδηλον
857 1828 940 1898 αυτό
969 1833 1014 1914 3),
1048 1836 1176 1923 ποτέρα
1206 1827 1285 1926 δόξη

270 1936 462 2002 πείθεσθαι
487 1939 557 2014 τοῖς
581 1931 778 2026 ἀνθρώποις
799 1928 1050 2028 ἀσφαλέστερόν
1065 1960 1100 2001 τε
1120 1939 1178 2002 καὶ
1192 1929 1284 2003 άκιν-

271 2033 463 2130 δεινότερον,
490 2043 548 2105 καὶ
560 2043 657 2106 ποῖον
670 2033 834 2133 τριάδοςτ
813 2031 1043 2129 αιρετότερον,
1064 2033 1225 2158 πότερον,
1243 2021 1285 2104 τό

269 2137 402 2210 πάντων
420 2144 597 2227 γινομένων
618 2134 648 2224 4)
676 2137 758 2208 καθ
788 2143 1002 2232 έιμαρμένην,
1038 2137 1081 2207 τά
1107 2137 1155 2228 μὴ
1180 2135 1286 2219 όότως

271 2244 353 2332 ἔχειν
382 2245 412 2325 ὅ)
445 2240 708 2332 ὑπολαμβάνειν,
750 2239 820 2310 ἄλλ’
856 2246 940 2311 ἐίναι
965 2248 1021 2310 καὶ
1047 2239 1136 2330 ἡμᾶς
1162 2244 1223 2312 τοῦ
1253 2249 1286 2310 τί

271 2347 394 2469 πρᾶξαι
416 2343 439 2428 ἢ
462 2343 508 2435 μὴ
535 2348 658 2439 πρᾶξαι
681 2347 834 2467 κυρίους,
869 2342 890 2429 ἢ
919 2342 1014 2426 όντος
1036 2343 1127 2425 τινός
1151 2351 1209 2414 καί
1232 2342 1283 2438 ἐφ’

270 2473 366 2536 μιν,
400 2443 504 2528 όότως
529 2477 573 2529 ως
585 2473 855 2578 προειρηκαμεν,
886 2454 1071 2517 πεπεῖσθαι
1097 2446 1196 2516 τοῦτο
1224 2457 1287 2536 μὲν

272 2651 359 2723 κατὰ
373 2679 433 2737 την
445 2649 606 2749 ἡμετέραν
627 2656 778 2737 ἐξουσίαν
795 2656 954 2743 γίνεσθαι
966 2657 996 2736 ⁵)
1017 2658 1287 2744 κατηναγκασμέ-

272 2783 344 2837 νως.
383 2753 442 2826 οο
463 2753 626 2849 γνώριμον
649 2749 725 2841 ⁶)‘'
705 2783 759 2826 οτι
787 2760 822 2825 οἱ
845 2765 906 2846 μὲν
931 2753 1087 2826 ἁπάντων
1109 2763 1288 2848 γινομένων

272 2855 395 2928 καθ’(
378 2864 577 2967 ειμαρμένην
599 2855 723 2941 άυτούς
738 2857 931 2983 παθόντες,
963 2857 1007 2940 ὡς
1026 2858 1216 2943 ἐξουσίαν’
1195 2885 1287 2950 οχον-

226 2958 335 3041 τάς
347 2986 444 3031 τινων
457 2965 517 3030 τοῦ
538 2988 573 3031 τε
587 2959 743 3091 πράττειν
759 2961 847 3033 άυτά
860 2969 916 3032 και
931 2960 995 3053 μὴ,
1017 2960 1155 3034 οὐδέν”
1131 2988 1174 3032 αν
1192 2961 1289 3057 παρά
1313 3047 1318 3058 ἡ

272 3061 424 3150 τήνδε
389 3091 450 3148 την
472 3067 582 3136 πίστιν
603 3070 637 3136 ἐν
657 3073 728 3147 τοῖς
748 3071 988 3161 πραττομένοις
1007 3063 1203 3159 ἁμάρτοιεν,
1239 3069 1288 3160 τῷ

272 3170 356 3256 μηδὲ
373 3165 434 3250 τὴν
461 3165 565 3291 άρχὴν
588 3172 653 3238 τῶν
672 3175 849 3260 γινομένων
876 3167 965 3249 τινός
988 3165 1044 3265 ὑφ’
1071 3166 1179 3238 άυτῶν
1201 3137 1287 3239 ε’ῖνάι

273 3266 384 3363 κύριοι
400 3269 449 3355 ⁷),
471 3265 599 3340 ίίσθΗ
581 3298 601 3339 ο
623 3274 770 3352 κίνδυνος
791 3273 891 3356 8)τῆς
904 3299 991 3342 κατα
1003 3298 1128 3342 τουτων
1142 3277 1287 3366 διαμαρ-

273 3372 349 3453 τίας
378 3370 508 3466 πρόεισι
536 3378 650 3506 μέγρι
662 3372 825 3468 ῥημάτων.
876 3372 928 3445 'Eo
953 3381 990 3446 δέ
1012 3390 1049 3464 ’γε
1076 3373 1172 3456 όντός
1195 3401 1285 3457 τινος

274 3481 331 3542 καὶ
349 3473 398 3570 ἐφ’
420 3472 514 3566 ἡμῖν,
533 3485 593 3546 καὶ
609 3475 656 3567 μὴ
675 3475 828 3548 ἁπάντων
843 3481 907 3548 τῶν
925 3484 1101 3570 γινομένων
1126 3477 1202 3563 έξ’
1181 3477 1285 3567 ανάγ-

274 3602 350 3660 κης,
371 3581 562 3657 πείθεσθαι
582 3581 724 3672 81))μν
743 3581 1005 3672 μηδενοςοντας
1024 3584 1156 3676 κυρίους
1174 3587 1286 3652 πολλα

271 3683 532 3772 παραλείποιμεν
558 3686 622 3752 τόν
653 3682 790 3766 δεόντως
814 3683 855 3755 όίν
873 3691 1094 3779 πραχθέντων
1113 3682 1169 3780 ὑφ’
1192 3683 1286 3776 ἡμῶν

274 3789 331 3852 καλ
355 3781 413 3852 διά
439 3783 478 3852 τό
504 3782 761 3874 βουλεύσασθαι
781 3796 855 3883 περὶ
875 3787 998 3874 άυτῶν,
1030 3795 1086 3858 καὶ
1100 3787 1169 3857 όιά
1191 3788 1231 3858 τό
1253 3794 1285 3872 9)

274 3885 353 3969 τοὺς
373 3890 425 3956 ἐπὶ
451 3897 521 3969 τοῖς
546 3897 785 3984 πραττομένοις
808 3889 979 3983 καμάτους
998 3889 1185 3986 προθύμως
1205 3889 1285 3988 ὑφί-

275 3995 447 4076 στασθαι,
483 3989 658 4089 ἀργότεροι
681 3993 847 4084 γενόμενοι
871 3994 954 4088 πρὸς
980 3994 1019 4066 τὸ
1049 3993 1089 4066 δι’
1121 3992 1231 4066 ἀυτῶν
1251 4004 1283 4066 τι
