2804 4762
309 931 769 1077 ΑΛΕΞΑΝΛΡον
798 989 1261 1080 ΑοΡοΛΙΣΙΕον

542 1204 626 1299 πρὸς
653 1203 732 1288 τοὺς
759 1203 1009 1303 άυτοκράτσρας

271 1405 393 1472 ΠΕΡΙ
412 1397 758 1472 ἘΙΜΑΡΜΕΝΗΣ
782 1407 876 1475 ΚΑΙ
906 1408 1001 1474 ΤΟΥ
1031 1405 1108 1476 Είίί
1136 1374 1300 1477 ἹΙΙΜΙΝμ

673 1645 867 1662 ...ηε-ὺ-

749 1837 793 1905 Α.

322 1933 412 2016 'HN
435 1950 496 2036 μὲν
523 1942 563 2014 δι’
594 1948 689 2038 έοχῆς
716 1973 792 2037 μοι,
827 1951 979 2038 μέγιστοι
996 1946 1280 2045 Ἀυτονράτορες,

266 2053 399 2143 Σεβῆρε
420 2057 476 2118 καὶ
494 2047 683 2134 Ἀντωνῐνε,
715 2045 807 2144 άυτῷ
827 2058 989 2146 γενομένῳ
1010 2051 1086 2145 παρ’
1111 2051 1197 2143 ὑμᾶς
1224 2061 1281 2123 καὶ

266 2160 451 2248 προςειπεῖν
472 2159 529 2222 καί
549 2156 835 2243 καθομολογῆσαι
853 2152 1002 2249 χάρινῖ)
1030 2152 1110 2224 ἄνθ’
1135 2148 1179 2224 ὧν
1200 2157 1280 2225 ἔπα-

137 2283 139 2291 ’
210 2247 214 2258 ¹
265 2263 337 2326 θον
364 2260 399 2326 έῦ
426 2251 502 2350 παρ’
533 2251 624 2344 ὑμῶν
651 2253 830 2341 πολλάκις,
867 2255 918 2326 άεὶ
944 2256 1049 2349 τυχὼν
1075 2254 1207 2328 πάντων
1235 2252 1281 2329 ὧν

265 2357 405 2445 ἠξίωσα,
441 2356 525 2449 μετά
544 2359 748 2451 μαρτυρίας,
785 2356 829 2440 ὦς
849 2357 882 2443 ²)
904 2362 1032 2442 δίκαιος
1053 2363 1136 2431 έῖναι
1157 2359 1279 2452 τυγχά-

263 2489 331 2534 νειν
351 2466 493 2532 τοιαῦτα
515 2458 719 2551 άιτοάμενοςζ
757 2459 853 2532 Ἐπεὶ
881 2468 917 2533 δὲ
946 2467 1075 2558 ἐφεῖται
1096 2467 1142 2546 ³),
1179 2467 1208 2534 ἐι
1228 2463 1271 2556 μί
1313 2467 1315 2474 ’

263 2563 378 2662 παρών
398 2593 449 2646 τις
470 2574 540 2646 τοῖς
568 2569 668 2659 ίεροῖς
694 2559 795 2634 θάειν
823 2573 894 2647 τοῖς
919 2568 1014 2647 Θεοῖς
1049 2560 1080 2651 4)
1117 2563 1276 2653 δύναται,

263 2668 303 2739 τὸ
324 2665 425 2739 θείειν
447 2666 562 2750 άυτοῖς
583 2664 800 2758 πανταχόθεν
827 2695 862 2738 τε
893 2676 949 2738 καὶ
980 2672 1152 2760 πανταχοῦ
1163 2723 1172 2754 ,
1219 2679 1276 2742 καὶ

261 2777 399 2864 πέμπειν
431 2769 642 2863 ἀναθήματα
674 2763 753 2855 4ο),
789 2767 881 2861 άμὴ
910 2774 1053 2863 νομίζειν
1081 2771 1183 2856 άυτός
1204 2771 1277 2856 ὁῖός

263 2903 298 2945 τε
319 2864 361 2960 ἦν
382 2879 429 2961 5),
465 2874 644 2970 έθάρσησα
665 2873 750 2968 πρὸς
770 2871 857 2964 ὑμᾶς
886 2869 915 2960 6)
948 2878 989 2972 τῇ
1010 2874 1094 2970 πρὸς
1115 2875 1155 2946 τὸ
1176 2883 1276 2948 θεῖον

223 2974 227 2990 ’
262 2981 409 3074 έξουσίρ,
431 2982 488 3048 καί
508 3006 583 3049 τινα
604 2976 756 3072 ἀπαρχὴν
777 2980 807 3061 ⁷)
828 2975 905 3067 ὑμῖν
926 2981 990 3047 τῶν
1010 2976 1173 3074 ἡμετέρων
1193 3005 1276 3075 καρ-

261 3085 331 3153 πῶν
352 3080 519 3173 ἀνάθημα
540 3087 694 3179 πέμψαι,
741 3077 946 3151 ὄικειότατον
970 3078 1047 3172 ὑμῖν
1078 3084 1107 3168 ⁸)
1139 3080 1277 3168 άναθη·

258 3183 375 3277 ,μάτων
396 3183 560 3256 ἁπάντων.
614 3187 655 3253 Τί
674 3181 740 3276 γάρ
762 3181 804 3252 άν
825 3181 1023 3278 ὃικειάτερον
1044 3193 1115 3265 τοῖς
1135 3188 1276 3274 γνησίως

264 3292 472 3386 φιλοσοφίαν
492 3290 610 3380 τιμῶσί
645 3292 674 3371 9)
710 3312 745 3354 τε
783 3293 840 3355 καὶ
871 3285 1076 3381 προάγουσιν
1105 3285 1274 3380 άνάθημα

263 3398 408 3481 γένοιτο,
450 3394 582 3481 βιβλίου
615 3387 879 3479 ὑπισχνουμένου
901 3392 1051 3483 θεωρίαν
1083 3386 1276 3487 φιλόσοφον

263 3501 426 3590 περισχεῖν
447 3504 503 3566 καὶ
531 3493 590 3578 τὴν
612 3491 718 3588 ίδόξαν
753 3497 799 3579 ¹⁰)
831 3492 891 3577 τὴν
907 3491 1185 3586 Ἀριστοτέλους,
1233 3493 1277 3580 ἣν
1336 3514 1342 3521 ’

209 3613 210 3624 ’
263 3599 328 3690 ἔχει
348 3601 423 3694 περί
446 3627 480 3669 τε
509 3602 580 3682 ιοιε)
612 3601 814 3691 έιμαρμέμης
841 3603 897 3665 καὶ
925 3598 986 3665 τοῦ
1013 3593 1063 3692 ἐφ’
1098 3594 1196 3687 ἡμῖν,
1233 3595 1275 3668 ὁῦ

263 3705 323 3786 τῆς
344 3703 549 3798 φιλοσοφίας
569 3707 776 3791 προΐσταμαι
803 3704 892 3783 ¹⁰b)‚
942 3695 1007 3768 ὑπὸ
1035 3701 1094 3785 τῆς
1115 3698 1274 3795 ὑμετέρας

260 3809 447 3901 μαρτυρίας
468 3803 668 3884 διδάσκαλος
689 3802 791 3904 ἀυτῆς
818 3806 1062 3895 κεκηρυγμένος.
1117 3803 1212 3874 ’Ἐστι
1235 3810 1272 3874 δὲ
1382 3839 1383 3874 ι

263 3908 394 3990 οὐδενὸς
415 3905 565 4002 δεύτερον
587 3911 650 3978 τάν
672 3906 757 3976 κατὰ
771 3909 977 4000 φιλοσοφίαν
998 3902 1171 3996 δογμάτων
1192 3912 1269 3978 τοῦ-

261 4039 301 4081 το
323 4011 361 4082 τὸ
383 4009 507 4100 δόγμα·
543 4005 598 4094 ίίτε
619 4009 684 4102 γάρ
706 4007 758 4079 ἀπ’
783 4005 886 4078 άυτοῦ
908 4013 949 4095 ¹¹)
978 4011 1072 4101 χρεία
1100 4013 1271 4100 πανταχοῦ
