2758 4760
1058 396 1098 458 8⁵

525 562 678 628 xxvlt.

181 669 238 734 Aa
264 669 342 732 haec
373 666 419 730 illi
447 666 500 750 qui
531 678 646 752 negant
679 665 811 730 virtutes
839 678 872 731 et
900 666 975 732 vitia
1002 689 1097 752 posse

97 771 216 847 amitti,
239 771 325 836 sorte
346 769 379 833 id
399 781 556 832 sumentes
578 771 665 852 quod
685 770 776 834 facile
798 781 846 834 est
867 771 993 848 dicent,
1024 773 1096 836 ideo

95 876 204 938 firmas
227 872 322 936 animi
343 871 581 937 constitutiones
600 872 661 935 dici
674 872 707 936 in
721 885 829 938 nostra
844 895 912 938 esse
927 885 1095 958 potestate,

95 977 170 1063 quia
190 975 225 1040 in
252 975 396 1058 ipsorum
427 986 585 1058 potestate
613 974 673 1040 fuit
709 997 760 1040 eas
793 976 922 1060 adipisci
954 978 1007 1041 vel
1033 998 1097 1041 non

94 1079 240 1163 adipisci.
298 1079 380 1140 Nam
413 1078 467 1162 qui
495 1077 627 1142 virtutes
660 1078 824 1160 possident
862 1102 933 1144 cum
965 1080 1098 1145 meliora

95 1205 178 1268 quae
200 1198 352 1265 spernere
373 1191 562 1263 potuerant,
592 1179 816 1262 praetulerint,
838 1179 903 1264 ipsi·
921 1182 981 1246 sibi
1003 1205 1098 1246 causa

93 1287 226 1352 luerunt
248 1285 517 1368 adipiscendartun
540 1283 709 1359 virtutum,
734 1283 865 1368 parique
890 1287 987 1348 modo
1003 1285 1025 1348 ii
1043 1286 1098 1368 qui

63 1464 66 1474 f
94 1389 172 1454 vitia
194 1382 323 1452 habent.
379 1388 449 1450 Nec
476 1386 582 1468 dispar
603 1386 634 1450 in
663 1385 833 1450 artificibus
862 1386 956 1454 ratio.
1015 1389 1098 1453 Nam

93 1492 251 1557 artificiun
288 1490 419 1575 quisque
454 1489 636 1572 priusquam
668 1500 768 1552 artem
790 1499 850 1552 'est
889 1487 1125 1566 consecutuss

94 1595 273 1659 libertatem
294 1593 404 1656 habuit
424 1592 516 1656 ctiam
544 1613 583 1655 ne
611 1591 681 1654 talis
711 1594 871 1656 evaderet.
930 1593 975 1656 At
1006 1605 1097 1675 post·

96 1719 193 1782 quant
214 1696 285 1760 talis
306 1697 408 1760 factus
432 1706 502 1771 est,
533 1715 597 1758 non
620 1693 751 1776 amplius
772 1694 804 1758 in
826 1706 982 1777 potestate
1003 1698 1099 1760 habet

97 1822 137 1864 ne
160 1801 265 1863 factus
288 1799 329 1862 sit
348 1797 431 1861 talis.
476 1800 558 1864 Nam
581 1808 670 1862 ortus
692 1819 799 1860 rerum
820 1797 928 1860 talium
943 1791 1099 1863 innostra

94 1903 244 1966 libertate
276 1912 352 1964 sunt
376 1899 485 1983 positi.
539 1901 591 1963 Ac
622 1911 795 1982 propterea
820 1922 885 1964 non
914 1898 1021 1962 similis
1039 1907 1099 1966 'est

94 2005 215 2069 veritas
249 2006 287 2068 de
319 2005 413 2068 rebus
446 2002 560 2067 futuris
594 2015 624 2064 et
653 2005 691 2065 de
718 2004 812 2066 rebus
836 2024 916 2086 quae
936 2003 1025 2066 fuere
1047 2004 1099 2066 vel

94 2121 181 2173 aunt.
228 2108 311 2170 Nam
331 2106 364 2169 id
385 2107 472 2190 quod
494 2117 546 2168 aut
568 2116 636 2179 est,
661 2116 714 2166 aut
734 2103 815 2179 fuit,
840 2117 875 2167 ut
897 2127 960 2167 non
982 2106 1022 2168 sit
1038 2119 1097 2178 ,ant

95 2234 161 2278 non
189 2210 308 2286 fuerit,
347 2208 417 2270 fieri
443 2207 564 2290 nequit.
621 2207 668 2270 At
699 2206 733 2269 id
766 2209 854 2289 quod
884 2207 1024 2270 futurum
1051 2220 1100 2272 est
1174 2287 1176 2291 Ι

97 2326 206 2400 potest
228 2327 259 2376 et
279 2334 344 2376 non
366 2310 447 2374 fieri.
492 2311 598 2390 Quare
620 2321 784 2394 antequam
806 2310 858 2372 hie
878 2311 975 2374 homo
998 2309 1098 2374 virtu-

97 2431 161 2482 tem
183 2415 380 2500 possideret,
420 2435 529 2488 verum
557 2424 624 2475 erat
656 2413 727 2477 fieri
755 2435 851 2495 posse
880 2425 915 2476 ut
938 2415 1006 2478 'non
1027 2413 1097 2477 talis

98 2524 260 2586 evaderet.
315 2517 412 2598 Quod
443 2527 544 2579 autem
575 2515 612 2578 fit
643 2515 727 2591 tale,
768 2518 805 2578 de
835 2537 875 2578 eo
908 2515 999 2578 etiarn
1029 2537 1099 2578 cum

99 2635 263 2708 peractum
286 2632 354 2696 est,
378 2640 489 2683 verum
511 2640 636 2701 semper
657 2631 704 2680 est
726 2619 787 2680 tale
808 2617 917 2681 fuisse.
962 2617 996 2680 Si
1017 2639 1097 2702 ergo

98 2728 152 2811 qui
174 2726 298 2808 probus
319 2734 388 2798 est,
420 2724 459 2784 ab
483 2733 556 2786 ortu
577 2720 646 2784 talis
670 2734 773 2796 esset,
808 2732 838 2784 et
859 2743 924 2784 non
945 2722 1024 2782 haec
1045 2742 1098 2782 su·
1126 2731 1128 2738 ’

100 2851 159 2914 per
183 2846 263 2912 quae
285 2837 398 2889 natura
418 2823 479 2906 ipsi
501 2823 650 2898 dederat,
675 2823 978 2906 haheretamplius,
1002 2826 1058 2887 sed
1080 2847 1098 2886 a

99 2945 212 2996 natura
236 2941 272 2994 ut
300 2928 360 2992 alia
386 2925 429 2988 ita
449 2939 484 2999 ut
505 2928 569 2989 hoe
601 2927 793 3006 accepisset,
829 2947 892 3006 non
924 2927 1034 2991 fuisset
1065 2928 1097 2989 in

100 3045 262 3118 potestate
284 3031 350 3096 eius
373 3049 441 3092 esse
462 3029 572 3104 talem,
596 3050 659 3092 non
683 3028 781 3114 magis
804 3051 896 3112 qnam
918 3051 986 3092 esse
1007 3031 1097 3111 bipe-
1152 3099 1155 3106 ,

101 3141 171 3212 dem
195 3147 248 3199 aut
270 3133 399 3198 rationis
421 3131 617 3216 participem.
651 3132 763 3213 Neque
780 3153 858 3196 vero
873 3131 992 3194 laudari
1008 3135 1050 3194 ob
1065 3133 1097 3194 id

100 3250 212 3324 posset
234 3240 322 3322 quod
342 3237 411 3299 talis
428 3247 521 3312 esset,
545 3236 600 3298 sed
614 3233 718 3315 potins
732 3246 813 3296 esset
831 3234 1037 3310 admirationi,
1062 3247 1096 3296 ut

103 3344 157 3428 qui
173 3367 191 3407 a
209 3341 313 3406 divina
333 3351 444 3404 natura
463 3341 589 3402 domum
606 3337 667 3400 tale
687 3348 768 3399 esset
787 3348 986 3401 consecutus.
1010 3337 1097 3398 Sicut

100 3448 183 3510 enim
195 3441 443 3508 benevalentium
452 3440 685 3515 eoslaudamus,
699 3437 833 3522 quicum
846 3463 863 3502 a
875 3449 984 3502 natum
995 3451 1097 3504 essent

101 3548 297 3628 imbecilles,
340 3556 450 3626 suapte
472 3554 603 3605 curant
623 3554 709 3606 recte
731 3542 872 3626 valerent
892 3553 964 3604 sunt
985 3562 1097 3606 conse-2

5 3725 6 3728 Ἴ
101 3653 181 3730 cuti,
220 3651 311 3734 eique
333 3651 463 3712 debeant
484 3647 570 3729 quod
590 3667 654 3707 non
677 3658 853 3730 aegrotant.
897 3645 942 3709 At
964 3666 1019 3708 eos
1042 3645 1097 3728 qui

6 3747 7 3750 Ἴ
100 3768 215 3820 natura
232 3762 317 3816 sunt
349 3751 415 3816 sani
443 3760 473 3812 et
487 3749 652 3827 ¹malorum
679 3761 824 3830 expertes
847 3748 912 3811 sine
942 3769 1000 3810 sua
1021 3770 1096 3815 cura

103 3873 196 3944 atqup
220 3877 337 3940 opera,
362 3876 425 3916 non
447 3853 606 3917 laudamus
629 3849 770 3934 quidem,
795 3854 851 3914 sed
871 3854 981 3914 beatos
1003 3871 1095 3932 prae·

103 3963 259 4035 dicamus,
298 3955 416 4052 utqui
447 3955 511 4018 sine
543 3956 660 4016 labore·
689 3953 720 4018 id
748 3953 816 4017 «sint
848 3954 973 4036 adepti,
1011 3953 1099 4036 qnod

102 4065 195 4129 etiam
218 4083 291 4126 cum
311 4060 420 4124 labore
444 4057 494 4122 alii
515 4056 574 4122 sibi
594 4067 719 4142 partum
744 4054 851 4121 uelint.
897 4057 984 4120 Idem
1012 4065 1096 4118 certe
