2804 4762
111 1095 115 1101 η
212 967 530 1062 Annxnn‘nm
576 983 1016 1062 nannontsmnsts
1117 1028 1120 1034 -

374 1173 485 1226 steen
509 1172 560 1226 nn
586 1126 849 1229 tmsnnroans

16 1387 17 1418 5
110 1333 166 1398 DE
197 1325 328 1398 FA'TO
358 1333 421 1398 ΕΤ
450 1333 513 1396 DE
544 1331 607 1396 EO
639 1329 768 1413 QUOD
802 1331 1002 1424 NOSTRAE
1032 1333 1117 1398 EST

458 1443 763 1510 POTESTATIS.

389 1591 516 1658 Hugone
536 1587 641 1642 Grotto
660 1541 831 1659 interprete.
876 1643 878 1651 s

522 1776 715 1786 ...ι-...μ-

598 1925 628 1986 Ι.

159 2041 279 2104 'Nmm
299 2037 374 2100 mihi
391 2037 490 2122 magis
510 2037 541 2100 in
557 2037 641 2098 votis
663 2037 745 2113 fnit,
768 2039 890 2102 'Severe
909 2051 939 2101 et
955 2039 1119 2102 Antonine
1210 2031 1214 2041 ’

16 2167 18 2202 1
108 2146 325 2231 Imperatores
346 2141 496 2216 maximi,
522 2159 615 2223 qnam
638 2159 708 2200 eum
727 2139 759 2202 in
774 2141 892 2204 vestris
906 2161 1005 2203 essem
1025 2141 1118 2218 loeis,
1188 2121 1192 2132 ‚

107 2271 165 2313 vos
192 2243 395 2328 conspicari,
427 2265 487 2309 vos
512 2241 603 2308 affari
624 2253 656 2304 et
674 2243 791 2327 gratias
815 2265 911 2329 agere
932 2265 994 2326 pro
1013 2245 1120 2308 mnltis

106 2351 244 2434 acceptis
267 2348 450 2425 benefieiis,
474 2369 539 2410 non
560 2358 680 2408 tantum
697 2349 784 2430 quod
798 2351 928 2430 adeptus
950 2365 1019 2412 sum
1039 2341 1121 2432 qnae
1178 2357 1181 2364 '

106 2453 219 2530 volui,
260 2454 316 2516 sed
344 2453 430 2535 quod
457 2450 587 2532 insuper
612 2461 743 2513 ornatus
778 2451 960 2516 testimonio
990 2451 1119 2536 dignum

105 2569 155 2621 'me
187 2555 256 2620 esse
279 2554 334 2639 qui
363 2554 555 2636 adipiscerer
577 2573 658 2637 qnae
686 2555 936 2636 postulaveram.
995 2555 1120 2618 Verum

106 2683 178 2725 enm
191 2662 244 2724 fas
266 2657 429 2742 permittat
448 2657 498 2734 ei,
524 2657 578 2740 qni
598 2657 630 2721 in
651 2659 775 2740 templis
798 2654 874 2740 ipsis
896 2679 1005 2722 eoram
1031 2681 1123 2722 saera

106 2764 248 2846 (Diis)
274 2763 383 2826 facere
406 2783 473 2827 non
494 2761 618 2844 possit,
642 2761 746 2824 ubivis
771 2763 918 2828 locorum
935 2783 973 2825 ea
998 2759 1125 2839 faeere,-

107 2881 139 2932 et
166 2867 293 2931 aliunde
322 2867 406 2930 dona
427 2863 570 2941 mittere,
595 2885 675 2948 qnae
695 2862 872 2948 ferre'ipse
894 2878 1049 2949 nequeam
1081 2886 1137 2953 ex,

108 2993 147 3036 eo
163 2974 254 3058 quod
269 2971 355 3034 eirea
373 2970 462 3033 Deos
485 2967 580 3046 lieet,
605 2969 682 3031 mihi
698 2989 826 3052 quoqne
848 2971 912 3033 hoe
930 2969 1008 3032 iuris
1024 2967 1124 3035 enimsi

106 3071 202 3141 vobis
232 3077 350 3139 donum
386 3073 536 3150 mittere,
576 3090 686 3136 eornm
720 3093 800 3155 quae
831 3073 925 3136 nobis
949 3085 1124 3137 naseuntur

104 3159 272 3243 frnetttnm
299 3176 387 3260 qnasi
404 3173 578 3257 primitias,
604 3187 635 3238 et
651 3175 776 3258 quidem
793 3177 909 3241 donum
930 3177 1009 3255 tale,
1036 3179 1125 3261 quod

103 3285 147 3345 ad
164 3303 227 3345 vos
246 3281 382 3363 proprio
401 3277 472 3362 jure
489 3279 657 3360 pertineat.
703 3278 799 3361 Quod
820 3280 909 3343 enim·
922 3283 1038 3346 donum
1054 3302 1124 3343 ma·
1230 3325 1240 3346 Ι

104 3385 156 3471 gis
182 3384 227 3448 eis
251 3369 419 3448 conveniat
438 3382 527 3458 dari,
553 3381 606 3464 qni
624 3381 793 3463 sapientiae
820 3384 921 3446 studia
943 3383 1066 3448 sineere
1089 3397 1122 3450 et

33 3523 46 3543 ι
103 3499 214 3552 amant
232 3498 265 3551 et
285 3497 496 3570 promovent,
522 3505 614 3568 qnam
630 3486 745 3548 librum
760 3484 814 3570 qui
837 3488 1121 3570 contemplationes

106 3593 273 3658 contineat
298 3593 337 3654 ad
358 3593 466 3652 eadem
484 3587 586 3652 studia
601 3589 795 3670 pertinentes
816 3601 847 3654 et
865 3591 918 3675 qni
932 3591 1120 3658 Aristotelis

104 3695 249 3780 explicet
270 3694 454 3758 sententiam
476 3695 515 3754 de
537 3693 619 3756 Fato
641 3703 673 3754 et
688 3694 726 3754 de
744 3684 801 3771 eo,
827 3699 914 3779 quod
936 3718 1033 3779 penes
1059 3719 1121 3762 nos
1170 3680 1174 3685 ⁴

103 3799 177 3878 est}
204 3811 236 3863 et
258 3799 374 3862 librum
397 3799 436 3859 ab
458 3796 659 3872 eotfaenun,
685 3796 828 3880 quicum
847 3809 957 3864 vestro
977 3800 1121 3891 testimp·

103 3905 163 3970 nio
179 3903 309 3988 publice
328 3913 473 3984 reeeptns
486 3899 526 3962 sit
540 3900 723 3964 Aristotelis
738 3901 935 3984 placitorum·
948 3902 1133 3986 interpres.'

106 4009 173 4072 Est
195 4011 302 4072 antem
327 4007 405 4069 haee
429 4025 503 4087 pars
521 4001 710 4086 placittlmmr
732 4005 816 4068 nulla
841 4001 900 4069 alla
922 4019 1013 4090 parte
1040 4006 1122 4072 inte-
