2804 4762
1105 410 1142 473 21

136 595 220 638 sona
241 573 317 653 illa,
342 575 455 660 quibus
477 576 676 660 implicantur
698 577 720 642 ii
742 578 797 662 qui
819 592 931 642 cuncta
952 580 1035 643 Fato
1058 579 1143 642 aiunt

134 678 223 744 lieri.
268 679 322 744 Sic
342 679 423 744 enim
451 681 610 764 permixto
638 672 785 747 sermone
814 685 1028 766 comparando
1061 683 1144 748 inter

134 805 173 846 se
196 782 362 865 opiniones
384 784 558 862 diversas,
573 785 607 850 id
628 788 715 869 quod
737 808 849 850 verum
870 800 936 863 est,
961 787 1060 871 magis
1082 807 1143 868 po-

132 897 232 948 netur
258 887 290 950 in
319 887 516 970 conspicuo:
554 901 586 954 ct
617 910 682 953 non
704 891 764 953 ecit
785 891 877 954 nobis
899 911 1027 954 necesse
1048 912 1144 972 saepe

133 991 246 1054 eadem
268 1002 426 1071 repetere.
485 993 607 1058 Merito
635 1015 709 1058 sanc
737 994 869 1058 miretur
897 995 1026 1078 aliquis,
1061 1015 1144 1078 quo·

131 1096 233 1158 modo
255 1093 381 1177 quidam
404 1097 507 1160 dicant
528 1119 562 1161 se
584 1098 857 1180 philosophatiet
879 1099 1026 1162 latentem
1040 1099 1071 1161 in
1090 1120 1142 1160 ne·

133 1202 196 1262 bus
219 1198 384 1266 veritatem
405 1201 567 1286 indagare,
592 1205 645 1281 (ct
665 1205 729 1266 hoc
751 1202 1033 1279 csse'existimant,
1058 1205 1145 1286 quod

131 1324 234 1384 supra
267 1303 346 1367 alios
379 1304 522 1368 homines
554 1306 739 1388 philosophi
770 1305 976 1388 praecipuum
1007 1309 1143 1381 hahent,

40 1391 42 1398 Α
132 1409 220 1470 unde
242 1417 274 1469 et
296 1410 336 1470 ad
356 1407 438 1472 idem
460 1410 596 1474 studituu
624 1411 795 1474 hortantur
822 1409 921 1489 alios)
955 1409 1009 1492 qui
1030 1431 1066 1471 se
1083 1413 1145 1472 atl-

132 1509 274 1574 dixerim·
297 1512 439 1594 opinioni
460 1526 572 1577 'ctmcta
587 1515 669 1576 Fato
683 1513 755 1578 fieri
776 1512 975 1578 atinimanti?
996 1516 1036 1576 ad
1049 1535 1144 1597 quiam

134 1615 316 1700 confugere
338 1619 427 1682 solos
449 1617 590 1682 videmus
618 1620 761 1682 homines
791 1618 978 1696 illiteratos,
1014 1620 1146 1682 nullius-

135 1741 200 1802 que
222 1722 374 1785 honestae
396 1721 444 1785 rei
466 1722 526 1786 sibi
540 1723 717 1798 conscios,
753 1724 807 1805 qui
835 1723 956 1786 scilicet
975 1723 1007 1786 in
1031 1725 1145 1786 Fatum

134 1835 358 1886 transmoveut
379 1825 503 1906 culpam
524 1827 701 1902 malorum,
732 1825 762 1889 in
785 1848 865 1908 quae
886 1824 948 1908 ipsi
970 1830 1144 1901 devenene;

135 1948 219 2009 quae
241 1927 394 1990 sententia
416 1950 517 2012 neque
538 1931 634 1992 rebus
657 1929 853 1993 evidentibus
875 1930 1046 2015 congruit,
1085 1953 1146 1996 nco

97 2113 99 2118 Ι
128 2029 199 2092 fide
232 2029 344 2115 dignas
375 2033 471 2095 hahet
503 2032 699 2096 ostensiones
729 2056 786 2096 cun
818 2055 869 2096 nes
899 2033 945 2096 sic
972 2057 1006 2097 sc
1028 2037 1146 2102 habere

135 2136 308 2196 credatur:
346 2136 618 2215 praetenea'tollit
640 2157 763 2198 omnem
792 2136 823 2198 in
854 2138 993 2201 volendo
1015 2136 1145 2200 liberta-

135 2247 213 2300 tem.
274 2237 372 2317 Quod
400 2237 481 2302 enim
513 2238 611 2302 maius
644 2259 685 2302 ex
715 2239 978 2321 disputationibus
1002 2242 1146 2307 damnum

134 2339 239 2422 accipi
260 2352 388 2422 potest,
421 2363 514 2426 quiam
535 2342 563 2405 si
583 2342 643 2406 ista
665 2342 844 2411 admittatur
865 2342 1041 2406 sententia?
1077 2344 1144 2406 Pu-

129 2466 239 2528 ·gnane
261 2460 329 2507 eam
351 2466 422 2507 cum
444 2446 539 2510 rebus
562 2446 759 2508 evidentibus
783 2465 823 2508 eo
851 2458 955 2528 patet,
995 2450 1083 2530 quod
1113 2459 1146 2510 et

137 2547 271 2610 rudibus
304 2561 336 2610 et
364 2548 556 2630 sapientibus
585 2563 769 2630 persuasum
791 2548 852 2626 sit,
893 2553 1043 2634 quaedam
1076 2572 1146 2614 esse

139 2640 319 2734 quae'casn
343 2664 396 2714 aut
415 2653 501 2716 forte
522 2651 619 2727 finnt,
644 2665 810 2734 praeterea
831 2673 900 2715 esse
923 2656 1074 2736 (piaculum
1089 2676 1146 2716 an·

137 2753 267 2836 cipitia,
293 2777 374 2838 quae
394 2754 465 2820 lieri
486 2755 610 2837 possint
631 2766 662 2818 et
683 2755 807 2836 possint
829 2777 893 2819 non
915 2756 1007 2832 fieri,
1043 2758 1146 2822 etlo-

138 2881 211 2922 oum
233 2860 363 2922 'habene
391 2857 422 2920 in
458 2861 552 2922 rebus
581 2857 665 2920 istud
699 2857 798 2922 nihilo
828 2859 927 2943 magis
956 2861 1019 2924 hoc
1051 2883 1145 2944 quiam

94 2984 97 2987 ·
134 2961 216 3025 illud
236 2984 365 3028 neeesse
388 2975 447 3025 est.
501 2962 591 3042 Qiiae
614 2962 720 3025 omnia
739 2961 821 3024 tuoni
843 2962 1066 3043 noqueuntilli
1088 2965 1142 3047 qui

129 3065 347 3128 candefieri
367 3065 452 3128 aiunt
473 3065 506 3128 vi
527 3063 742 3140 necessitatis,
778 3063 804 3126 si
825 3065 971 3127 nimirum
991 3066 1024 3128 id
1048 3089 1145 3131 voca·

136 3191 207 3231 mins
230 3167 313 3232 tueri
333 3191 408 3246 ces,
428 3189 496 3231 non
518 3179 640 3230 mutare
661 3187 718 3241 ea,
755 3168 794 3228 ad
816 3187 893 3249 quam
923 3166 1144 3249 significandas

137 3273 297 3337 vocabula
323 3271 383 3334 iata
404 3284 532 3354 reperta
553 3282 637 3334 sunt.
682 3272 795 3352 Neque
818 3269 898 3332 enim
922 3269 1001 3332 alios
1022 3270 1144 3354 signiti-

128 3388 228 3440 catus
249 3375 429 3440 nominibus
450 3374 622 3450 subiicere,
648 3385 683 3435 nt
704 3371 765 3435 illis
787 3372 982 3436 manentibus
1004 3393 1056 3434 res
1077 3395 1145 3435 ma·

128 3501 217 3544 ‘nene
239 3479 423 3559 videantur,
458 3476 490 3539 id
512 3497 588 3539 vene
610 3475 692 3539 tneii
715 3487 785 3552 est,
805 3496 885 3558 quae
907 3487 1036 3556 recepta
1058 3487 1143 3546 sunt.

128 3585 254 3668 licque
276 3583 357 3646 enim
379 3581 500 3644 salvum
522 3591 647 3655 manet,
690 3581 847 3662 quaedam,
861 3579 947 3642 sonte
969 3578 1039 3642 fieri
1061 3581 1144 3659 apud

139 3709 229 3764 eum,
256 3684 419 3768 *quirem
446 3683 547 3765 ipsam
574 3681 689 3744 tollens
718 3682 898 3746 necessario
927 3681 1177 3744 evenientibus·

138 3785 253 3856 nomen
276 3792 336 3878 ilat⁸
349 3786 578 3854 fortuitorum:
616 3785 672 3850 sed
693 3785 890 3865 probandum
919 3784 963 3846 illi
985 3796 1052 3846 erat
1073 3785 1143 3865 ipsa
1234 3799 1237 3804 “

138 3893 195 3958 illi
212 3913 309 3976 posse
331 3913 348 3954 a
371 3888 574 3966 sensiculi,
606 3889 645 3956 dc
666 3889 780 3973 quihus
801 3887 1007 3958 fortuitorum
1028 3909 1142 3952 nomen
1186 3907 1189 3916 ’

137 3995 401 4082 usurparisolet.
1069 4025 1073 4030 -
