2758 4760
222 417 262 480 94

221 590 277 652 καὶ
301 585 330 650 ἐι
354 579 440 650 κατά
467 575 606 659 τούτους
634 581 733 646 τοῦτο
756 574 860 657 ὁύτως
880 577 961 668 ἔχει,
998 579 1038 643 δι
1028 579 1132 659 λου
1117 601 1151 642 εκ
1172 578 1232 650 τοῦ

222 679 432 773 λαβόντας’
412 682 552 765 αυτοίις,
578 675 631 751 ότι
652 687 684 750 οί
708 687 789 750 θεοί
810 677 1072 774 προγινώσκουσι
1098 677 1141 747 τά
1155 683 1235 802 'ffl-

223 795 342 869 λοντα,
373 783 456 854 διΗ
435 789 539 854 αυτοῦ
567 781 819 868 κατασκευάζειν
843 782 882 852 τὸ
911 779 991 868 ἐξ
970 779 1115 871 ανάγκης
1145 780 1234 851 ἀυτα

220 895 399 981 γίνεσθαι,
421 886 465 969 ώς
490 887 550 958 οὐκ
571 887 613 958 ἀν
629 893 659 956 έι
679 887 725 978 μὴ
746 884 834 956 δότω
855 889 980 1010 γίνοιτο
1005 890 1235 978 προγνωσομέ-

222 1020 295 1064 νων.
333 992 384 1061 Ει
410 995 510 1060 δὲ
470 1019 509 1090 τῃ
538 995 603 1061 τών
627 995 720 1061 θεῶν
740 988 922 1085 προγνώσει
949 1016 984 1058 τε
1009 997 1065 1058 καί
1088 1013 1236 1082 προαγο
1296 1013 1298 1017 ·

222 1095 330 1222 ρειίσει
352 1094 391 1164 τὸ
413 1093 595 1184 ἀναγκαῖον
616 1100 745 1178 ἕπεται,
777 1101 833 1164 καί
853 1091 921 1164 κατ’
946 1091 1068 1174 ἀυτοίις
1089 1097 1118 1161 έι
1129 1091 1197 1217 μὴ
1197 1083 1237 1160 τό

222 1199 403 1288 ἀναγκαῖον
431 1203 465 1268 ἐν
492 1209 564 1280 τοῖς
595 1205 780 1289 γινομένοις
804 1200 873 1282 ε’ίη,
910 1194 970 1266 οὐκ
999 1196 1040 1267 ἀν
1070 1223 1134 1266 κατ
1176 1192 1238 1264 ἀυ·

222 1302 301 1384 τοὺς
318 1305 347 1387 ⁸)
370 1308 402 1372 οἱ
426 1308 505 1371 θεολ
529 1298 784 1397 προγινώσκοιεν
805 1299 848 1370 τά
867 1305 1048 1392 μέλλοντα,
1078 1294 1156 1380 ώςτε
1181 1309 1238 1370 καί

223 1405 320 1478 ἀστοί
340 1405 399 1493 τὴν
427 1403 530 1490 ἀυτὴν
562 1403 749 1495 ἀδυναμίαν
774 1413 844 1486 τοῖς
874 1411 973 1485 θεοῖς
1006 1400 1238 1500 φυλάσσουσιν

223 1515 274 1593 (ἐι
292 1509 358 1603 γάρ
381 1506 450 1578 κατ’
472 1506 658 1597 ἀδυναμίαν
676 1506 740 1600 χρὴ
758 1515 814 1576 καὶ
835 1505 1015 1578 ἀσθενείαν
1036 1513 1141 1596 λέγειν
1156 1509 1240 1595 γίνε-

223 1621 315 1684 σθαι
346 1611 386 1681 τὸ
411 1610 453 1679 τά
477 1609 626 1680 ἀδύνατα
650 1610 697 1700 μὴ
723 1608 914 1694 δύνασθαι)
947 1610 985 1680 οὐ
1014 1610 1055 1696 δὴ
1080 1615 1126 1708 τῷ
1152 1615 1238 1706 θείῳ

223 1722 322 1786 πλέον
346 1741 379 1784 τι
405 1712 579 1784 δύνασθαι
612 1713 669 1783 διὰ
695 1718 754 1797 τῆς
783 1713 994 1808 προρῥιίσεως
1019 1712 1239 1800 ἀνάπτουσιν,

224 1818 312 1889 ἀλλά
333 1817 391 1888 διά
414 1821 475 1887 τοῦ
502 1815 750 1910 προλαμβάνειν
767 1822 866 1887 τοῦτο
888 1815 1071 1912 τὴνφύσιν
1094 1817 1240 1902 τὴντῶν

224 1919 427 2017 πραγμάτων
455 1919 613 2005 τοιαύτην
650 1919 836 2010 εἰςάγουσιν
872 1920 1024 2013 οὐδαμῶς
1059 1919 1239 1992 ἀκόλουθα

226 2035 283 2096 καὶ
301 2023 434 2120 συνιοδά
457 2033 528 2107 τοῖς
556 2029 740 2114 γινομένοις
768 2053 802 2095 τε
826 2054 882 2096 και
908 2029 1059 2149 ἐναργέσι
1081 2031 1240 2150 λέγοντες.

205 2127 345 2226 ,Τοείτιμ
367 2128 432 2222 γάρ
458 2135 719 2250 προςχρωμένοις
741 2135 815 2213 9)
800 2136 928 2200 ενέσται
955 2127 1065 2200 πάντα
1089 2129 1134 2197 τά
1160 2127 1241 2199 ἀδυ-

224 2259 312 2304 νατα
339 2235 519 2317 δεικνυναι,
559 2237 605 2328 τῷ
620 2225 817 2322 ε’άλογον
801 2241 885 2302 εῖναι
917 2231 963 2322 μὴ
987 2230 1127 2356 ἀχυοεῖν
1154 2229 1242 2302 ἀυτά

226 2363 306 2418 τους
320 2335 436 2417 δεους,
453 2333 595 2405 δύναται
608 2333 673 2428 γάρ
691 2365 742 2417 τις
757 2342 810 2421 9ο)
797 2335 940 2426 )λαβών
961 2335 999 2405 τό
1014 2335 1139 2406 ἀτοπου
1157 2340 1242 2406 ε’ίναι

226 2467 305 2521 τους
322 2437 428 2520 θεοὺς
447 2438 493 2530 μὴ
516 2443 634 2508 έιδέυαι
662 2437 701 2508 τὸ
724 2439 877 2564 ἀπειρογ,
908 2437 1021 2509 πόσων
1036 2445 1104 2508 ἐστι
1122 2445 1241 2529 [θέμε

226 2548 296 2628 νος]
318 2549 445 2636 μέτρων
467 2546 512 2628 ⁰)
532 2547 631 2612 τοῦτο
653 2541 925 2674 προςλμμβάνειυ
941 2571 980 2613 το
967 2542 1190 2614 '⁴15vvccvbv‘
1158 2571 1242 2614 ειυαι

228 2646 459 2737 γινώσκεσθαι
488 2646 527 2715 τὸ
558 2643 694 2738 ἀπειρον
722 2645 834 2718 πόσων
860 2651 929 2716 ἐστὶ
955 2653 1103 2741 μέτρων,
1150 2651 1178 2717 έι
1205 2653 1242 2716 δὲ

227 2756 327 2820 τοῦτο
346 2748 558 2872 δυνατὸνῖ
542 2757 627 2819 εἶναι
647 2750 687 2819 τὸ
708 2751 845 2878 ἀπειρον
869 2748 1054 2846 ὡρισμένων
1074 2753 1171 2821 τινών
1187 2756 1244 2842 μέ-

227 2881 313 2948 τρων
334 2856 391 2936 ιι·)
414 2858 442 2922 έι
462 2851 591 2948 γάρμὴ
613 2843 671 2938 ἦν,
704 2852 816 2925 οὐδ”
793 2881 835 2924 αν
856 2861 888 2923 οί
914 2861 995 2924 δεοι
1018 2852 1179 2951 γ”δεσαν
1159 2853 1243 2924 αυτὸ

228 2956 341 3028 πόσων
366 2961 434 3026 έστλ
458 2963 597 3050 μέτρων.
649 2956 838 3027 Ἔπείδέ
785 2969 849 3027 έει
873 2957 912 3026 τὸ
937 2956 1172 3050 προγινώσκειν
1198 2985 1244 3027 τα
1293 2980 1299 3000 ·

228 3058 390 3153 μέλλοντά
412 3065 499 3144 ἐστι,
528 3061 566 3130 τὸ
588 3057 689 3130 ὁποῖά
711 3066 782 3130 ἐστι
803 3061 866 3144 ¹²),
893 3065 1036 3130 τοιαῦτα
1056 3059 1142 3130 ἀυτά
1161 3088 1244 3150 γυω

228 3166 327 3257 ρίζειυ
352 3163 445 3233 -ίίντα
478 3163 583 3247 (ἀλλο
611 3163 676 3257 γάρ
707 3163 746 3232 τὸ
771 3161 1005 3258 προγινώσκειν
1033 3169 1093 3234 τοῦ
1119 3170 1244 3248 ποιεῖν)

231 3271 333 3351 δῆλον
362 3260 416 3336 ότι
455 3266 498 3336 τά
531 3264 722 3359 ἐνδεχόμενα
760 3265 991 3360 προγινώσκων
1028 3266 1072 3349 ὡς
1103 3271 1246 3342 τοιαῦτα

231 3367 473 3464 προγνώσεται·
509 3369 548 3440 οὐ
576 3370 641 3462 γάρ
674 3368 859 3461 πρόγνωσις
890 3371 930 3444 τὸ
962 3369 1169 3466 ἐνδεχόμενον
1201 3367 1245 3451 ἀς

233 3472 389 3565 ἐσόμενον
410 3473 597 3564 ἀναγκαίως
618 3475 763 3542 ἔσεσθαι
784 3479 901 3563 λέγειν·
942 3470 1019 3556 ώςτε
1041 3483 1098 3544 καί
1119 3481 1152 3543 οί
1166 3481 1245 3546 δεοὶ

230 3578 274 3647 τά
297 3575 487 3668 ἐνδεχόμενα
510 3575 553 3658 ἀς
574 3574 768 3668 ἐνδεχόμενα
794 3576 836 3648 ἀν
864 3575 1135 3670 προγινώσκοιεν,
1158 3570 1184 3672 ᾧ
1206 3576 1246 3650 οὗ

231 3678 361 3762 πάντως
390 3677 620 3763 ἀκολουθήσει
648 3679 687 3748 τό
721 3678 904 3770 ἀναγκαίου
930 3681 987 3750 διά
1009 3681 1068 3767 τὴν
1089 3679 1246 3766 τοιαύτην

232 3782 437 3877 πρόγνωσιν·
471 3779 557 3852 δότω
590 3788 625 3852 δέ
651 3792 707 3853 καὶ
738 3783 963 3878 προλεγόντων
984 3782 1156 3875 ἀκούομεν.
1205 3787 1246 3880 OQ

229 3886 296 3981 γάρ
324 3886 409 3976 μετά
443 3888 503 3955 τοῦ
539 3884 774 3976 συμβουλεύειν
806 3887 881 3959 τινά
912 3887 1089 3983 άιρείσθοιί
1124 3916 1159 3957 τε
1188 3895 1245 3958 κοιλ

233 3987 389 4084 πράττειν
421 3984 444 4056 ἀ
475 3987 551 4083 χρώ,
588 3995 823 4084 προλέγοντες,
874 3993 934 4089 οὐχ
965 3990 1008 4075 ώς
1040 3995 1073 4080 ἐξ
1100 3988 1245 4084 ἀνάγνχς
