2728 4758
242 407 304 475 510

242 584 344 667 λέγειν
374 579 546 674 φαίνεται,
586 573 797 663 ἀτιμαστὲος)
831 579 1000 646 κινεῖσθαι
1021 581 1080 668 μέν
1110 605 1160 646 τοι
1189 587 1245 647 καὶ

242 680 324 750 ἀυτό
346 679 385 749 τὸ
403 685 436 749 ἐν
452 677 530 768 ἡμῖν
552 679 661 746 κινοῦν
683 674 747 746 ῦπό
769 705 802 748 τι
823 681 887 748 τῶν
911 681 1035 762 ἔξωθεν
1053 678 1115 773 ἤδη
1139 689 1259 773 περιΐ-Δ

241 788 409 872 σταμὲνων
433 779 522 873 ἡμᾶς
543 776 765 874 πραγμάτων,
803 788 858 849 καὶ
887 780 927 866 55
955 790 1010 850 καὶ
1038 787 1099 852 τοῦ
1128 787 1245 866 θείου,

243 885 372 956 ἐπειδάν
401 881 472 952 ὀῖόν
506 909 540 951 τε
572 886 722 972 γίγνηται
758 885 815 966 τῆς
854 887 955 966 θείας
991 883 1166 974 ἐξηγήσεως
1200 887 1247 976 μὴ

242 988 501 1058 ἀπολείπεσθαι·
544 994 600 1054 καὶ
636 983 720 1055 τοῦτ’
759 989 842 1056 ε’ῑναι
877 985 915 1056 τὸ
952 992 1099 1082 φρονοῦν
1134 987 1249 1080 ἡμῶν,

243 1090 386 1181 δόγμασι
408 1098 478 1168 τοῖς
499 1092 603 1182 ἕαυτῳ
588 1090 782 1172 ἔξωθεν’
766 1096 984 1179 εγγινομένοις
999 1089 1036 1159 τὸ
1059 1091 1232 1162 λοιπὸν
1192 1120 1252 1176 της

241 1197 352 1292 φυγῆς
323 1194 496 1276 γκινοῦν·
505 1190 578 1275 τήν
598 1219 632 1260 τε
654 1187 813 1279 βούλησιν
834 1201 890 1261 καὶ
909 1189 1013 1284 ὁρμὴν
1031 1202 1087 1263 καὶ
1108 1193 1151 1262 τά
1172 1193 1251 1264 τοῦ-

241 1323 312 1368 τοιν
338 1293 380 1366 ἀῦ
403 1293 543 1387 ἑπόμενα
575 1292 691 1380 πάδη,
723 1291 845 1417 γαράν
854 1321 888 1364 τε
917 1296 957 1380 δὴ
976 1297 1034 1381 τὴν
1060 1300 1173 1383 ἑνδον,
1211 1295 1252 1367 οῦ

241 1401 301 1486 τὴν
329 1397 368 1470 δι
403 1397 615 1482 ἀισθησεως,
653 1405 708 1467 καὶ
727 1395 961 1488 ἀγανάκτησιν
986 1397 1157 1486 άςαῦτως,
1194 1410 1254 1470 καὶ

242 1506 375 1589 ἕλπίδα,
404 1511 460 1572 και
482 1507 554 1581 δέος
575 1509 630 1568 καὶ
656 1505 860 1591 ἐπιθυμέειν,
892 1510 948 1571 καὶ
969 1493 1102 1596 θυμὸν,
1130 1512 1187 1574 και
1210 1503 1253 1588 δὴ

241 1606 334 1734 παρρι
366 1609 473 1675 ταῦτα
502 1611 556 1673 καὶ
583 1631 643 1688 τιγν
614 1607 875 1734 γφαντασίριν·
907 1609 1014 1674 ταῦτα
1045 1604 1111 1700 γάρ
1142 1611 1253 1694 ἐστιν,
1307 1649 1309 1653 ·

242 1707 265 1780 5
289 1708 328 1777 τὸ
351 1709 498 1805 φρονοῦν
526 1703 615 1796 ἡμῶν
639 1714 736 1790 κινεῖ,
768 1715 824 1776 καὶ
850 1697 952 1836 ὦνπερ
979 1708 1139 1803 ἀργει,ε
1124 1711 1254 1794 ἔξωθεν

242 1811 324 1884 ἀυτὸ
354 1808 553 1900 κινούμενον
602 1813 716 1880 Ταῦτα
745 1837 800 1879 και
827 1809 870 1880 τά
897 1809 947 1905 ἕφ
976 1809 1069 1938 ημῖν·
1090 1811 1254 1886 ἐκάλεσαν

243 1925 275 1986 ο“ι
302 1919 469 1998 Στωικοὶ,
513 1906 570 1982 ἀτε
598 1917 649 1982 ἐπὶ
684 1916 730 2008 τῷ
754 1911 944 2007 κυριωτάτῳ
974 1913 1055 1984 ὄντα
1076 1920 1133 2010 τῷ
1162 1929 1253 2042 φρο·

241 2021 363 2090 νοῦντι.
400 2013 502 2087 Ἀυτό
522 2020 558 2085 δὲ
582 2016 621 2085 τὸ
643 2021 790 2140 φρονοῦν
807 2014 897 2106 ῦμῦν
919 2015 1026 2087 οὐκέτι
1052 2017 1112 2090 οῦτ
1130 2024 1182 2090 ἐπὶ
1202 2049 1252 2118 τῳ

242 2121 332 2215 ἀλλφ
353 2123 416 2190 τῶν
435 2115 616 2248 ἡμετέρων,
651 2117 715 2188 οῦτ
736 2118 819 2189 ἀοτὸ
838 2117 887 2241 ἐφ
905 2123 1012 2189 ’ἑαυτοῦ
1029 2125 1132 2194 ἐστίν.
1176 2095 1250 2194 ἀλλ

239 2223 306 2294 ῦπό
322 2221 447 2292 τούτων
468 2229 499 2292 οἱ
514 2249 553 2306 τι
543 2250 637 2311 νγε
625 2228 820 2316 ἑιμαρμένην
841 2221 934 2292 ὁῦτοι
948 2192 1057 2309 ¹⁴5)
1034 2231 1253 2321 ἀναιροῦντες
1325 2239 1327 2242 ’

242 2324 514 2414 συνελαυνόμενοι
538 2328 603 2394 τῶν
623 2323 745 2415 λόγων,
787 2323 831 2394 ἐπ’
855 2329 975 2412 ἐκείνην
998 2327 1250 2425 καταφεύγουσι

242 2429 301 2515 τῦγν
330 2427 528 2516 ἀπολογίαν,
576 2426 776 2525 φάσκοντες,
811 2437 866 2498 καὶ
897 2429 950 2499 τὸ’
971 2437 1117 2526 φρονοῦν
1146 2438 1250 2504 τοῦτο

198 2589 199 2598 ,
241 2531 333 2624 ἡμῶν
361 2535 412 2600 ἐπὶ
436 2533 476 2630 τῇ
494 2530 652 2621 βουλήσει
671 2531 763 2622 ἡμῶν
788 2534 891 2616 ε’ῖναι,
924 2535 1007 2622 ε’ἰγε,
1038 2533 1078 2619 55
1096 2539 1250 2627 ἐπιμελη-

241 2639 351 2722 θῆναι
376 2661 410 2706 τε
437 2633 539 2705 ἀντοῦ
565 2641 622 2704 καὶ
647 2633 792 2719 ἀσκῆσαι
811 2639 1049 2726 βουληθῶμεν,
1069 2647 1133 2708 καὶ
1163 2637 1250 2710 ἀντὸ

242 2741 436 2826 ἐπιδίδωσιν.
481 2735 588 2807 Ἀλλά
613 2745 669 2808 καὶ
693 2741 793 2806 τοῦτο
821 2736 920 2824 δόξαν
944 2739 1019 2810 τινά
1045 2739 1251 2832 ἡγήσασθαι

202 2879 204 2887 2
242 2847 306 2930 δεῖ,
342 2841 401 2926 τὴν
428 2842 494 2910 τοῦ
512 2838 558 2932 μῦς
583 2845 773 2934 ἐπιμελητὲα
801 2837 843 2910 τά
871 2840 975 2914 ἀστοῦ
1003 2853 1057 2916 καὶ
1086 2845 1250 2932 ἀσκητέα,

241 2937 282 3029 ἧς
302 2942 347 3030 μὴ
371 2941 530 3038 πρότερον
554 2948 759 3034 ἕγγεγονυῐας
779 2947 826 3039 τῷ
847 2942 1025 3042 φρονοῦντι
1047 2947 1155 3039 ἡμῶν,
1178 2945 1251 3020 οῦδ

242 3046 284 3118 ἀν
306 3049 549 3137 ἐπιμεληθῆναί
574 3075 608 3116 τε
632 3045 736 3116 ἀυτοῦ
757 3045 822 3118 5505
844 3075 878 3118 τε
900 3049 969 3119 ποτ’
996 3055 1101 3175 ἕίιγμεν
1125 3059 1252 3142 βουλη-

243 3153 368 3279 δῦναι,
391 3145 467 3231 ἰόςτε
489 3157 545 3219 καὶ
562 3149 648 3222 ὁῦτω
667 3149 704 3218 τὸ
726 3155 885 3274 φρονοῦν
896 3151 987 3243 ἡμῶν
1010 3154 1069 3239 τὴν
1088 3155 1252 3244 βούλησιν

143 3237 148 3254 ’
244 3282 286 3350 εφ
327 3253 424 3323 εαυτὸ
456 3258 567 3336 κινεῖν,
607 3250 670 3322 ὑπὸ
701 3259 760 3376 τῆς
791 3253 945 3340 τοιαότης
974 3256 1057 3327 ἀοτό·
1088 3257 1252 3385 πρότερον

243 3363 449 3448 κεκινημένον
470 3354 581 3440 δόξης
609 3353 677 3426 ὀῦτ
702 3355 760 3426 ὀῦν
781 3357 820 3426 τὸ
845 3357 1074 3447 ἀοτοκίνητον,
1104 3360 1179 3433 ὀότε
1207 3363 1253 3432 τά

244 3458 293 3555 ἐφ
322 3458 419 3550 ἡμῖν,
460 3457 575 3554 ὀρθῶς
606 3457 764 3549 λεγόμενα
797 3459 855 3545 τὴν
826 3467 1081 3558 γὲιμαρμὲνην
1111 3463 1250 3560 ἀναιρεῖ.

246 3565 391 3646 Ληλοῦσι
423 3567 459 3632 δὲ
491 3569 547 3631 καὶ
582 3568 616 3630 οἱ
643 3561 703 3642 τάς
728 3563 841 3656 φωνάς
870 3563 995 3648 ταύτας
1023 3573 1148 3662 πρῶτοι
1175 3567 1250 3639 ὀνο-

241 3663 422 3756 μάσαντες,
469 3663 528 3748 την
562 3673 622 3754 μὲν
655 3663 818 3752 Πλάτων,
858 3668 918 3753 τὴν
946 3675 997 3739 δὲ·
1018 3678 1050 3739 οἱ
1083 3675 1247 3742 Στωικοί·

244 3767 283 3836 οῦ
315 3769 380 3863 γάρ
410 3767 471 3851 την
502 3771 697 3862 ἑιμαρμένην
730 3767 957 3866 ἀναιροῦντες,
1004 3771 1089 3843 ἀλλά
1119 3780 1249 3867 μάλλον

244 3879 300 3939 καὶ
331 3877 502 3960 τιθέμενοι
534 3873 574 3966 τῇ
605 3869 692 3969 δόξῃ.
754 3875 793 3942 Οἱ
822 3884 884 3962 μὲν
917 3875 982 3970 γάρ
1015 3881 1164 3948 Στωϊκοὶ
1192 3887 1248 3950 καὶ

243 3971 521 4069 παρακελεύονται
543 3977 649 4047 ἐκεῖνα
669 3974 774 4068 θαμά
795 3975 925 4068 ἐπάγειν
947 3979 990 4050 τά
1003 3977 1164 4071 Ἰαμβεῑα
