<?xml version="1.0" encoding="UTF-8"?>
<!DOCTYPE html PUBLIC "-//W3C//DTD XHTML 1.0 Transitional//EN"
    "http://www.w3.org/TR/xhtml1/DTD/xhtml1-transitional.dtd">
<html xmlns="http://www.w3.org/1999/xhtml" xml:lang="en" lang="en">
 <head>
  <title>
</title>
<meta http-equiv="Content-Type" content="text/html;charset=utf-8" />
  <meta name='ocr-system' content='tesseract 3.04.00' />
  <meta name='ocr-capabilities' content='ocr_page ocr_carea ocr_par ocr_line ocrx_word'/>
</head>
<body>
  <div class='ocr_page' id='page_1' title='image "./alexandriaphrod00bardgoog_0135.png"; bbox 0 0 2758 4760; ppageno 0'>
   <div class='ocr_carea' id='block_1_1' title="bbox 1051 419 1110 472">
    <p class='ocr_par' dir='ltr' id='par_1_1' title="bbox 1051 419 1110 472">
     <span class='ocr_line' id='line_1_1' title="bbox 1051 419 1110 472; baseline 0.034 -2"><span class='ocrx_word' id='word_1_1' title='bbox 1051 419 1110 472; x_wconf 69' lang='lat'><strong>119</strong></span> 
     </span>
    </p>
   </div>
   <div class='ocr_carea' id='block_1_2' title="bbox 106 565 1112 764">
    <p class='ocr_par' dir='ltr' id='par_1_2' title="bbox 106 565 1112 764">
     <span class='ocr_line' id='line_1_2' title="bbox 106 565 1112 663; baseline 0.003 -24"><span class='ocrx_word' id='word_1_2' title='bbox 106 581 182 640; x_wconf 88' lang='lat' dir='ltr'><strong>nrim</strong></span> <span class='ocrx_word' id='word_1_3' title='bbox 205 589 236 640; x_wconf 88' lang='lat' dir='ltr'><strong>ct</strong></span> <span class='ocrx_word' id='word_1_4' title='bbox 258 581 345 660; x_wconf 89' lang='lat' dir='ltr'><strong>quod</strong></span> <span class='ocrx_word' id='word_1_5' title='bbox 363 577 436 641; x_wconf 85' lang='lat' dir='ltr'><strong>&#39;heri</strong></span> <span class='ocrx_word' id='word_1_6' title='bbox 456 599 519 641; x_wconf 90' lang='lat' dir='ltr'><strong>non</strong></span> <span class='ocrx_word' id='word_1_7' title='bbox 541 578 660 659; x_wconf 87' lang='lat' dir='ltr'><strong>possit,</strong></span> <span class='ocrx_word' id='word_1_8' title='bbox 698 565 875 663; x_wconf 85' lang='lat' dir='ltr'><strong>negandum</strong></span> <span class='ocrx_word' id='word_1_9' title='bbox 897 590 965 652; x_wconf 87' lang='lat' dir='ltr'><strong>est,</strong></span> <span class='ocrx_word' id='word_1_10' title='bbox 1001 599 1112 660; x_wconf 81' lang='lat' dir='ltr'><strong>nempe</strong></span> 
     </span>
     <span class='ocr_line' id='line_1_3' title="bbox 107 679 1006 764; baseline 0.003 -23"><span class='ocrx_word' id='word_1_11' title='bbox 107 691 221 743; x_wconf 88' lang='lat' dir='ltr'><strong>cuncta</strong></span> <span class='ocrx_word' id='word_1_12' title='bbox 244 680 326 748; x_wconf 89' lang='lat' dir='ltr'><strong>Fato</strong></span> <span class='ocrx_word' id='word_1_13' title='bbox 349 679 434 756; x_wconf 87' lang='lat' dir='ltr'><strong>fieri,</strong></span> <span class='ocrx_word' id='word_1_14' title='bbox 459 685 541 745; x_wconf 87' lang='lat' dir='ltr'><strong>unde</strong></span> <span class='ocrx_word' id='word_1_15' title='bbox 563 693 687 743; x_wconf 87' lang='lat' dir='ltr'><strong>caetera</strong></span> <span class='ocrx_word' id='word_1_16' title='bbox 707 681 761 744; x_wconf 89' lang='lat' dir='ltr'><strong>illa</strong></span> <span class='ocrx_word' id='word_1_17' title='bbox 782 683 1006 764; x_wconf 79' lang='lat' dir='ltr'><strong>sequebantur.</strong></span> 
     </span>
    </p>
   </div>
   <div class='ocr_carea' id='block_1_3' title="bbox 105 887 1116 1480">
    <p class='ocr_par' dir='ltr' id='par_1_3' title="bbox 517 887 705 950">
     <span class='ocr_line' id='line_1_4' title="bbox 517 887 705 950; baseline -0.011 0"><span class='ocrx_word' id='word_1_18' title='bbox 517 887 705 950; x_wconf 85' lang='lat' dir='ltr'><strong>XXXVII.</strong></span> 
     </span>
    </p>

    <p class='ocr_par' dir='ltr' id='par_1_4' title="bbox 105 988 1116 1480">
     <span class='ocr_line' id='line_1_5' title="bbox 170 988 1114 1076; baseline 0.004 -26"><span class='ocrx_word' id='word_1_19' title='bbox 170 988 345 1056; x_wconf 75' lang='lat' dir='ltr'>Videamus</span> <span class='ocrx_word' id='word_1_20' title='bbox 367 1001 470 1052; x_wconf 88' lang='lat' dir='ltr'><strong>autem</strong></span> <span class='ocrx_word' id='word_1_21' title='bbox 490 1002 521 1053; x_wconf 90' lang='lat' dir='ltr'><strong>et</strong></span> <span class='ocrx_word' id='word_1_22' title='bbox 541 989 673 1052; x_wconf 85' lang='lat' dir='ltr'><strong>alterum</strong></span> <span class='ocrx_word' id='word_1_23' title='bbox 694 1011 811 1054; x_wconf 75' lang='lat' dir='ltr'><strong>nexum</strong></span> <span class='ocrx_word' id='word_1_24' title='bbox 827 991 1114 1076; x_wconf 79' lang='lat' dir='ltr'><strong>interrogationum</strong></span> 
     </span>
     <span class='ocr_line' id='line_1_6' title="bbox 106 1091 1114 1174; baseline 0.006 -22"><span class='ocrx_word' id='word_1_25' title='bbox 106 1111 200 1174; x_wconf 88' lang='lat' dir='ltr'><strong>quem</strong></span> <span class='ocrx_word' id='word_1_26' title='bbox 222 1091 363 1168; x_wconf 84' lang='lat' dir='ltr'><strong>faciunt,</strong></span> <span class='ocrx_word' id='word_1_27' title='bbox 403 1104 434 1154; x_wconf 90' lang='lat' dir='ltr'><strong>et</strong></span> <span class='ocrx_word' id='word_1_28' title='bbox 464 1115 567 1158; x_wconf 88' lang='lat' dir='ltr'><strong>annon</strong></span> <span class='ocrx_word' id='word_1_29' title='bbox 594 1095 727 1162; x_wconf 87' lang='lat' dir='ltr'><strong>eundem</strong></span> <span class='ocrx_word' id='word_1_30' title='bbox 755 1094 873 1156; x_wconf 83' lang='lat' dir='ltr'><strong>exitum</strong></span> <span class='ocrx_word' id='word_1_31' title='bbox 898 1096 1024 1157; x_wconf 86' lang='lat' dir='ltr'><strong>habeat.</strong></span> <span class='ocrx_word' id='word_1_32' title='bbox 1081 1095 1114 1158; x_wconf 88' lang='lat' dir='ltr'><strong>Is</strong></span> 
     </span>
     <span class='ocr_line' id='line_1_7' title="bbox 105 1195 1116 1271; baseline 0.003 -16"><span class='ocrx_word' id='word_1_33' title='bbox 105 1195 175 1256; x_wconf 88' lang='lat' dir='ltr'><strong>talis</strong></span> <span class='ocrx_word' id='word_1_34' title='bbox 206 1207 272 1258; x_wconf 89' lang='lat' dir='ltr'><strong>est:</strong></span> <span class='ocrx_word' id='word_1_35' title='bbox 313 1196 346 1257; x_wconf 90' lang='lat' dir='ltr'><strong>Si</strong></span> <span class='ocrx_word' id='word_1_36' title='bbox 376 1217 439 1260; x_wconf 90' lang='lat' dir='ltr'><strong>nou</strong></span> <span class='ocrx_word' id='word_1_37' title='bbox 468 1197 551 1258; x_wconf 89' lang='lat' dir='ltr'><strong>Fato</strong></span> <span class='ocrx_word' id='word_1_38' title='bbox 580 1196 666 1266; x_wconf 88' lang='lat' dir='ltr'><strong>fiunt</strong></span> <span class='ocrx_word' id='word_1_39' title='bbox 687 1196 810 1271; x_wconf 90' lang='lat' dir='ltr'><strong>omnia,</strong></span> <span class='ocrx_word' id='word_1_40' title='bbox 848 1218 913 1269; x_wconf 84' lang='lat' dir='ltr'><strong>non</strong></span> <span class='ocrx_word' id='word_1_41' title='bbox 942 1209 989 1260; x_wconf 85' lang='lat' dir='ltr'><strong>est</strong></span> <span class='ocrx_word' id='word_1_42' title='bbox 1010 1197 1116 1260; x_wconf 89' lang='lat' dir='ltr'><strong>mundi</strong></span> 
     </span>
     <span class='ocr_line' id='line_1_8' title="bbox 107 1297 1115 1382; baseline 0.002 -23"><span class='ocrx_word' id='word_1_43' title='bbox 107 1297 299 1381; x_wconf 76' lang='lat' dir='ltr'><strong>gubernatio</strong></span> <span class='ocrx_word' id='word_1_44' title='bbox 321 1297 410 1374; x_wconf 88' lang='lat' dir='ltr'><strong>talis,</strong></span> <span class='ocrx_word' id='word_1_45' title='bbox 450 1319 529 1382; x_wconf 87' lang='lat' dir='ltr'><strong>quae</strong></span> <span class='ocrx_word' id='word_1_46' title='bbox 551 1299 717 1380; x_wconf 79' lang='lat' dir='ltr'><strong>prohiberi</strong></span> <span class='ocrx_word' id='word_1_47' title='bbox 737 1299 945 1382; x_wconf 86' lang='lat' dir='ltr'><strong>impedirique</strong></span> <span class='ocrx_word' id='word_1_48' title='bbox 966 1311 1115 1381; x_wconf 79' lang='lat' dir='ltr'><strong>nequeat.</strong></span> 
     </span>
     <span class='ocr_line' id='line_1_9' title="bbox 106 1401 1116 1480; baseline 0.003 -20"><span class='ocrx_word' id='word_1_49' title='bbox 106 1401 205 1480; x_wconf 89' lang='lat' dir='ltr'><strong>Quod</strong></span> <span class='ocrx_word' id='word_1_50' title='bbox 227 1401 255 1464; x_wconf 86' lang='lat' dir='ltr'><strong>si</strong></span> <span class='ocrx_word' id='word_1_51' title='bbox 274 1401 402 1466; x_wconf 89' lang='lat' dir='ltr'><strong>hoc-ita</strong></span> <span class='ocrx_word' id='word_1_52' title='bbox 424 1423 457 1464; x_wconf 88' lang='lat' dir='ltr'><strong>se</strong></span> <span class='ocrx_word' id='word_1_53' title='bbox 478 1403 585 1478; x_wconf 86' lang='lat' dir='ltr'><strong>habet,</strong></span> <span class='ocrx_word' id='word_1_54' title='bbox 610 1423 674 1466; x_wconf 91' lang='lat' dir='ltr'><strong>non</strong></span> <span class='ocrx_word' id='word_1_55' title='bbox 695 1415 743 1465; x_wconf 89' lang='lat' dir='ltr'><strong>est</strong></span> <span class='ocrx_word' id='word_1_56' title='bbox 761 1403 913 1478; x_wconf 90' lang='lat' dir='ltr'><strong>Mundus,</strong></span> <span class='ocrx_word' id='word_1_57' title='bbox 937 1401 965 1464; x_wconf 90' lang='lat' dir='ltr'><strong>si</strong></span> <span class='ocrx_word' id='word_1_58' title='bbox 976 1401 1116 1464; x_wconf 90' lang='lat' dir='ltr'><strong>Mundus</strong></span> 
     </span>
    </p>
   </div>
   <div class='ocr_carea' id='block_1_4' title="bbox 12 1503 1116 1688">
    <p class='ocr_par' dir='ltr' id='par_1_5' title="bbox 12 1503 1116 1688">
     <span class='ocr_line' id='line_1_10' title="bbox 12 1503 1115 1586; baseline 0.001 -21"><span class='ocrx_word' id='word_1_59' title='bbox 12 1579 14 1586; x_wconf 28' lang='grc' dir='ltr'>Ι</span> <span class='ocrx_word' id='word_1_60' title='bbox 103 1516 260 1582; x_wconf 86' lang='lat' dir='ltr'><strong>nonest,</strong></span> <span class='ocrx_word' id='word_1_61' title='bbox 295 1525 355 1566; x_wconf 88' lang='lat' dir='ltr'><strong>nee</strong></span> <span class='ocrx_word' id='word_1_62' title='bbox 377 1504 431 1568; x_wconf 94' lang='lat' dir='ltr'><strong>Dii</strong></span> <span class='ocrx_word' id='word_1_63' title='bbox 451 1517 535 1568; x_wconf 85' lang='lat' dir='ltr'><strong>simt.</strong></span> <span class='ocrx_word' id='word_1_64' title='bbox 581 1505 615 1568; x_wconf 86' lang='lat' dir='ltr'><strong>si</strong></span> <span class='ocrx_word' id='word_1_65' title='bbox 637 1526 716 1568; x_wconf 89' lang='lat' dir='ltr'><strong>vero</strong></span> <span class='ocrx_word' id='word_1_66' title='bbox 738 1503 793 1568; x_wconf 92' lang='lat' dir='ltr'><strong>Dii</strong></span> <span class='ocrx_word' id='word_1_67' title='bbox 814 1517 908 1582; x_wconf 89' lang='lat' dir='ltr'><strong>sunt,</strong></span> <span class='ocrx_word' id='word_1_68' title='bbox 933 1515 1005 1566; x_wconf 83' lang='lat' dir='ltr'><strong>simt</strong></span> <span class='ocrx_word' id='word_1_69' title='bbox 1026 1503 1115 1567; x_wconf 87' lang='lat' dir='ltr'><strong>boni.</strong></span> 
     </span>
     <span class='ocr_line' id='line_1_11' title="bbox 12 1606 1116 1688; baseline -0.002 -18"><span class='ocrx_word' id='word_1_70' title='bbox 12 1647 14 1670; x_wconf 79' lang='lat' dir='ltr'><strong>t</strong></span> <span class='ocrx_word' id='word_1_71' title='bbox 107 1606 140 1669; x_wconf 89' lang='lat' dir='ltr'><strong>si</strong></span> <span class='ocrx_word' id='word_1_72' title='bbox 160 1606 242 1670; x_wconf 89' lang='lat' dir='ltr'><strong>boni</strong></span> <span class='ocrx_word' id='word_1_73' title='bbox 263 1620 354 1684; x_wconf 87' lang='lat' dir='ltr'><strong>suut,</strong></span> <span class='ocrx_word' id='word_1_74' title='bbox 393 1621 441 1670; x_wconf 90' lang='lat' dir='ltr'><strong>est</strong></span> <span class='ocrx_word' id='word_1_75' title='bbox 463 1609 577 1672; x_wconf 89' lang='lat' dir='ltr'><strong>virtus.</strong></span> <span class='ocrx_word' id='word_1_76' title='bbox 630 1609 663 1672; x_wconf 86' lang='lat' dir='ltr'><strong>Si</strong></span> <span class='ocrx_word' id='word_1_77' title='bbox 686 1620 733 1671; x_wconf 90' lang='lat' dir='ltr'><strong>est</strong></span> <span class='ocrx_word' id='word_1_78' title='bbox 755 1608 878 1685; x_wconf 88' lang='lat' dir='ltr'><strong>virtus,</strong></span> <span class='ocrx_word' id='word_1_79' title='bbox 918 1619 965 1671; x_wconf 90' lang='lat' dir='ltr'><strong>est</strong></span> <span class='ocrx_word' id='word_1_80' title='bbox 987 1619 1018 1669; x_wconf 90' lang='lat' dir='ltr'><strong>et</strong></span> <span class='ocrx_word' id='word_1_81' title='bbox 1038 1628 1116 1688; x_wconf 90' lang='lat' dir='ltr'><strong>prn-</strong></span> 
     </span>
    </p>
   </div>
   <div class='ocr_carea' id='block_1_5' title="bbox 12 1707 1116 1796">
    <p class='ocr_par' dir='ltr' id='par_1_6' title="bbox 12 1707 1116 1796">
     <span class='ocr_line' id='line_1_12' title="bbox 12 1707 1116 1796; baseline 0 -24"><span class='ocrx_word' id='word_1_82' title='bbox 12 1707 14 1746; x_wconf 67' lang='lat'>³</span> <span class='ocrx_word' id='word_1_83' title='bbox 105 1711 223 1772; x_wconf 81' lang='lat' dir='ltr'><strong>dantia.</strong></span> <span class='ocrx_word' id='word_1_84' title='bbox 270 1710 303 1774; x_wconf 92' lang='lat' dir='ltr'><strong>Si</strong></span> <span class='ocrx_word' id='word_1_85' title='bbox 324 1723 372 1774; x_wconf 87' lang='lat' dir='ltr'><strong>est</strong></span> <span class='ocrx_word' id='word_1_86' title='bbox 394 1711 578 1793; x_wconf 88' lang='lat' dir='ltr'><strong>prudentia,</strong></span> <span class='ocrx_word' id='word_1_87' title='bbox 604 1724 651 1774; x_wconf 89' lang='lat' dir='ltr'><strong>est</strong></span> <span class='ocrx_word' id='word_1_88' title='bbox 674 1733 753 1796; x_wconf 86' lang='lat' dir='ltr'><strong>ergo</strong></span> <span class='ocrx_word' id='word_1_89' title='bbox 777 1711 918 1795; x_wconf 84' lang='lat' dir='ltr'><strong>cognitio</strong></span> <span class='ocrx_word' id='word_1_90' title='bbox 940 1732 1046 1774; x_wconf 91' lang='lat' dir='ltr'><strong>rerum</strong></span> <span class='ocrx_word' id='word_1_91' title='bbox 1067 1710 1116 1774; x_wconf 83' lang='lat' dir='ltr'><strong>fa·</strong></span> 
     </span>
    </p>
   </div>
   <div class='ocr_carea' id='block_1_6' title="bbox 107 1811 1118 1878">
    <p class='ocr_par' dir='ltr' id='par_1_7' title="bbox 107 1811 1204 1878">
     <span class='ocr_line' id='line_1_13' title="bbox 107 1811 1118 1878; baseline 0 -4"><span class='ocrx_word' id='word_1_92' title='bbox 107 1813 290 1876; x_wconf 87' lang='lat' dir='ltr'><strong>ciendarum</strong></span> <span class='ocrx_word' id='word_1_93' title='bbox 314 1825 345 1875; x_wconf 89' lang='lat' dir='ltr'><strong>et</strong></span> <span class='ocrx_word' id='word_1_94' title='bbox 365 1823 431 1878; x_wconf 90' lang='lat' dir='ltr'><strong>non</strong></span> <span class='ocrx_word' id='word_1_95' title='bbox 452 1815 678 1878; x_wconf 88' lang='lat' dir='ltr'><strong>faciendarum.</strong></span> <span class='ocrx_word' id='word_1_96' title='bbox 723 1811 897 1878; x_wconf 86' lang='lat' dir='ltr'><strong>Faciendae</strong></span> <span class='ocrx_word' id='word_1_97' title='bbox 920 1826 1024 1877; x_wconf 89' lang='lat' dir='ltr'><strong>autem</strong></span> <span class='ocrx_word' id='word_1_98' title='bbox 1045 1825 1118 1876; x_wconf 89' lang='lat' dir='ltr'><strong>sunt</strong></span> 
     </span>
    </p>
   </div>
   <div class='ocr_carea' id='block_1_7' title="bbox 64 1917 1180 2618">
    <p class='ocr_par' dir='ltr' id='par_1_8' title="bbox 64 1917 1180 2618">
     <span class='ocr_line' id='line_1_14' title="bbox 105 1917 1180 2000; baseline 0.006 -22"><span class='ocrx_word' id='word_1_99' title='bbox 105 1917 272 1993; x_wconf 85' lang='lat' dir='ltr'><strong>actiones,</strong></span> <span class='ocrx_word' id='word_1_100' title='bbox 306 1939 386 2000; x_wconf 88' lang='lat' dir='ltr'><strong>qnae</strong></span> <span class='ocrx_word' id='word_1_101' title='bbox 419 1930 505 1980; x_wconf 90' lang='lat' dir='ltr'><strong>recte</strong></span> <span class='ocrx_word' id='word_1_102' title='bbox 534 1939 568 1982; x_wconf 89' lang='lat' dir='ltr'><strong>se</strong></span> <span class='ocrx_word' id='word_1_103' title='bbox 595 1921 733 1992; x_wconf 83' lang='lat' dir='ltr'><strong>habent3</strong></span> <span class='ocrx_word' id='word_1_104' title='bbox 769 1939 834 1980; x_wconf 91' lang='lat' dir='ltr'><strong>nou</strong></span> <span class='ocrx_word' id='word_1_105' title='bbox 855 1917 1015 1980; x_wconf 78' lang='lat' dir='ltr'><strong>faciendae</strong></span> <span class='ocrx_word' id='word_1_106' title='bbox 1037 1937 1115 1979; x_wconf 90' lang='lat' dir='ltr'><strong>voro</strong></span> <span class='ocrx_word' id='word_1_107' title='bbox 1142 1939 1145 1941; x_wconf 88' lang='grc'><em>·</em></span> <span class='ocrx_word' id='word_1_108' title='bbox 1177 1976 1180 1984; x_wconf 69' lang='grc'>,</span> 
     </span>
     <span class='ocr_line' id='line_1_15' title="bbox 64 2019 1116 2104; baseline 0 -22"><span class='ocrx_word' id='word_1_109' title='bbox 64 2033 67 2044; x_wconf 88' lang='grc'><strong>’</strong></span> <span class='ocrx_word' id='word_1_110' title='bbox 104 2041 179 2096; x_wconf 89' lang='lat' dir='ltr'><strong>eae,</strong></span> <span class='ocrx_word' id='word_1_111' title='bbox 203 2019 235 2082; x_wconf 92' lang='lat' dir='ltr'><strong>in</strong></span> <span class='ocrx_word' id='word_1_112' title='bbox 259 2021 371 2103; x_wconf 90' lang='lat' dir='ltr'><strong>quibus</strong></span> <span class='ocrx_word' id='word_1_113' title='bbox 393 2033 639 2101; x_wconf 85' lang='lat' dir='ltr'><strong>peccatumcst.</strong></span> <span class='ocrx_word' id='word_1_114' title='bbox 685 2019 834 2102; x_wconf 88' lang='lat' dir='ltr'><strong>Sequitur</strong></span> <span class='ocrx_word' id='word_1_115' title='bbox 857 2042 937 2104; x_wconf 82' lang='lat' dir='ltr'><strong>ergo</strong></span> <span class='ocrx_word' id='word_1_116' title='bbox 960 2019 1019 2082; x_wconf 90' lang='lat' dir='ltr'><strong>nisi</strong></span> <span class='ocrx_word' id='word_1_117' title='bbox 1034 2020 1116 2082; x_wconf 85' lang='lat' dir='ltr'><strong>Fato</strong></span> 
     </span>
     <span class='ocr_line' id='line_1_16' title="bbox 104 2122 1117 2204; baseline -0.002 -18"><span class='ocrx_word' id='word_1_118' title='bbox 104 2123 182 2192; x_wconf 80' lang='lat' dir='ltr'><strong>fiant</strong></span> <span class='ocrx_word' id='word_1_119' title='bbox 206 2123 328 2198; x_wconf 90' lang='lat' dir='ltr'><strong>omnia,</strong></span> <span class='ocrx_word' id='word_1_120' title='bbox 354 2122 430 2186; x_wconf 89' lang='lat' dir='ltr'><strong>nihil</strong></span> <span class='ocrx_word' id='word_1_121' title='bbox 452 2136 539 2185; x_wconf 90' lang='lat' dir='ltr'><strong>recte</strong></span> <span class='ocrx_word' id='word_1_122' title='bbox 561 2124 654 2200; x_wconf 86' lang='lat' dir='ltr'><strong>fieri,</strong></span> <span class='ocrx_word' id='word_1_123' title='bbox 689 2123 767 2184; x_wconf 90' lang='lat' dir='ltr'><strong>nihil</strong></span> <span class='ocrx_word' id='word_1_124' title='bbox 787 2123 934 2204; x_wconf 80' lang='lat' dir='ltr'><strong>peccari.</strong></span> <span class='ocrx_word' id='word_1_125' title='bbox 969 2123 1016 2184; x_wconf 89' lang='lat' dir='ltr'><strong>At</strong></span> <span class='ocrx_word' id='word_1_126' title='bbox 1037 2143 1117 2204; x_wconf 90' lang='lat' dir='ltr'><strong>quae</strong></span> 
     </span>
     <span class='ocr_line' id='line_1_17' title="bbox 105 2215 1117 2308; baseline -0.002 -20"><span class='ocrx_word' id='word_1_127' title='bbox 105 2215 192 2288; x_wconf 86' lang='lat' dir='ltr'><strong>recte</strong></span> <span class='ocrx_word' id='word_1_128' title='bbox 216 2227 296 2288; x_wconf 90' lang='lat' dir='ltr'><strong>fiunt</strong></span> <span class='ocrx_word' id='word_1_129' title='bbox 316 2227 471 2302; x_wconf 91' lang='lat' dir='ltr'><strong>honesta,</strong></span> <span class='ocrx_word' id='word_1_130' title='bbox 496 2239 627 2308; x_wconf 86' lang='lat' dir='ltr'><strong>peccata</strong></span> <span class='ocrx_word' id='word_1_131' title='bbox 648 2226 773 2308; x_wconf 88' lang='lat' dir='ltr'><strong>turpia:</strong></span> <span class='ocrx_word' id='word_1_132' title='bbox 796 2228 929 2290; x_wconf 88' lang='lat' dir='ltr'><strong>honesta</strong></span> <span class='ocrx_word' id='word_1_133' title='bbox 950 2247 1030 2288; x_wconf 89' lang='lat' dir='ltr'><strong>vcro</strong></span> <span class='ocrx_word' id='word_1_134' title='bbox 1049 2225 1117 2288; x_wconf 88' lang='lat' dir='ltr'><strong>lau·</strong></span> 
     </span>
     <span class='ocr_line' id='line_1_18' title="bbox 105 2307 1115 2420; baseline 0 -30"><span class='ocrx_word' id='word_1_135' title='bbox 105 2329 247 2405; x_wconf 78' lang='lat' dir='ltr'><strong>dabilis,</strong></span> <span class='ocrx_word' id='word_1_136' title='bbox 265 2330 345 2420; x_wconf 82' lang='lat' dir='ltr'><strong>mala</strong></span> <span class='ocrx_word' id='word_1_137' title='bbox 367 2329 599 2410; x_wconf 81' lang='lat' dir='ltr'><strong>vituperabilia.</strong></span> <span class='ocrx_word' id='word_1_138' title='bbox 646 2329 797 2412; x_wconf 89' lang='lat' dir='ltr'><strong>Sequitur</strong></span> <span class='ocrx_word' id='word_1_139' title='bbox 819 2350 922 2412; x_wconf 87' lang='lat' dir='ltr'><strong>crgo,</strong></span> <span class='ocrx_word' id='word_1_140' title='bbox 952 2307 1012 2390; x_wconf 87' lang='lat' dir='ltr'><strong>nisi</strong></span> <span class='ocrx_word' id='word_1_141' title='bbox 1034 2329 1115 2391; x_wconf 91' lang='lat' dir='ltr'><strong>Fato</strong></span> 
     </span>
     <span class='ocr_line' id='line_1_19' title="bbox 105 2427 1116 2516; baseline -0.001 -23"><span class='ocrx_word' id='word_1_142' title='bbox 105 2433 182 2499; x_wconf 86' lang='lat' dir='ltr'><strong>fiant</strong></span> <span class='ocrx_word' id='word_1_143' title='bbox 206 2455 333 2508; x_wconf 80' lang='lat' dir='ltr'><strong>omnia,</strong></span> <span class='ocrx_word' id='word_1_144' title='bbox 364 2432 441 2494; x_wconf 88' lang='lat' dir='ltr'><strong>nibil</strong></span> <span class='ocrx_word' id='word_1_145' title='bbox 464 2453 532 2495; x_wconf 86' lang='lat' dir='ltr'><strong>esse</strong></span> <span class='ocrx_word' id='word_1_146' title='bbox 555 2437 642 2516; x_wconf 91' lang='lat' dir='ltr'><strong>quod</strong></span> <span class='ocrx_word' id='word_1_147' title='bbox 664 2433 704 2496; x_wconf 90' lang='lat' dir='ltr'><strong>sit</strong></span> <span class='ocrx_word' id='word_1_148' title='bbox 725 2432 880 2494; x_wconf 86' lang='lat' dir='ltr'><strong>landabile</strong></span> <span class='ocrx_word' id='word_1_149' title='bbox 902 2443 934 2492; x_wconf 90' lang='lat' dir='ltr'><strong>et</strong></span> <span class='ocrx_word' id='word_1_150' title='bbox 955 2427 1116 2511; x_wconf 87' lang='lat' dir='ltr'><strong>vitupera-</strong></span> 
     </span>
     <span class='ocr_line' id='line_1_20' title="bbox 104 2533 1116 2618; baseline -0.002 -22"><span class='ocrx_word' id='word_1_151' title='bbox 104 2537 181 2599; x_wconf 77' lang='lat' dir='ltr'><strong>tito.</strong></span> <span class='ocrx_word' id='word_1_152' title='bbox 243 2535 345 2618; x_wconf 83' lang='lat' dir='ltr'><strong>Atqui</strong></span> <span class='ocrx_word' id='word_1_153' title='bbox 373 2547 445 2600; x_wconf 89' lang='lat' dir='ltr'><strong>sunt</strong></span> <span class='ocrx_word' id='word_1_154' title='bbox 477 2533 670 2600; x_wconf 79' lang='lat' dir='ltr'><strong>laudationes</strong></span> <span class='ocrx_word' id='word_1_155' title='bbox 691 2548 735 2598; x_wconf 80' lang='lat' dir='ltr'><strong>&#39;et</strong></span> <span class='ocrx_word' id='word_1_156' title='bbox 769 2533 1028 2615; x_wconf 88' lang='lat' dir='ltr'><strong>vituperationes.</strong></span> <span class='ocrx_word' id='word_1_157' title='bbox 1073 2535 1116 2596; x_wconf 89' lang='lat' dir='ltr'><strong>Et</strong></span> 
     </span>
    </p>
   </div>
   <div class='ocr_carea' id='block_1_8' title="bbox 15 2636 1116 2722">
    <p class='ocr_par' dir='ltr' id='par_1_9' title="bbox 15 2636 1116 2722">
     <span class='ocr_line' id='line_1_21' title="bbox 15 2636 1116 2722; baseline -0.005 -19"><span class='ocrx_word' id='word_1_158' title='bbox 15 2648 21 2668; x_wconf 83' lang='lat'><strong><em>‘</em></strong></span> <span class='ocrx_word' id='word_1_159' title='bbox 105 2661 186 2722; x_wconf 90' lang='lat' dir='ltr'><strong>quae</strong></span> <span class='ocrx_word' id='word_1_160' title='bbox 220 2641 381 2702; x_wconf 84' lang='lat' dir='ltr'><strong>laudamus</strong></span> <span class='ocrx_word' id='word_1_161' title='bbox 410 2639 553 2721; x_wconf 88' lang='lat' dir='ltr'><strong>praemio</strong></span> <span class='ocrx_word' id='word_1_162' title='bbox 587 2641 753 2713; x_wconf 89' lang='lat' dir='ltr'><strong>afficimus;</strong></span> <span class='ocrx_word' id='word_1_163' title='bbox 791 2659 871 2720; x_wconf 85' lang='lat' dir='ltr'><strong>quae</strong></span> <span class='ocrx_word' id='word_1_164' title='bbox 903 2636 1116 2718; x_wconf 85' lang='lat' dir='ltr'><strong>vituperamus</strong></span> 
     </span>
    </p>
   </div>
   <div class='ocr_carea' id='block_1_9' title="bbox 105 2739 1133 3239">
    <p class='ocr_par' dir='ltr' id='par_1_10' title="bbox 105 2739 1133 3239">
     <span class='ocr_line' id='line_1_22' title="bbox 106 2739 1118 2826; baseline -0.003 -22"><span class='ocrx_word' id='word_1_165' title='bbox 106 2763 139 2804; x_wconf 89' lang='lat' dir='ltr'><strong>ea</strong></span> <span class='ocrx_word' id='word_1_166' title='bbox 163 2743 309 2826; x_wconf 74' lang='lat' dir='ltr'><strong>punimus</strong></span> <span class='ocrx_word' id='word_1_167' title='bbox 334 2755 365 2804; x_wconf 90' lang='lat' dir='ltr'><strong>et</strong></span> <span class='ocrx_word' id='word_1_168' title='bbox 394 2743 449 2824; x_wconf 92' lang='lat' dir='ltr'><strong>qui</strong></span> <span class='ocrx_word' id='word_1_169' title='bbox 476 2743 648 2825; x_wconf 85' lang='lat' dir='ltr'><strong>praemium</strong></span> <span class='ocrx_word' id='word_1_170' title='bbox 677 2746 751 2818; x_wconf 91' lang='lat' dir='ltr'><strong>dat,</strong></span> <span class='ocrx_word' id='word_1_171' title='bbox 774 2743 899 2804; x_wconf 92' lang='lat' dir='ltr'><strong>honore</strong></span> <span class='ocrx_word' id='word_1_172' title='bbox 922 2739 1034 2812; x_wconf 83' lang='lat' dir='ltr'><strong>afficit3</strong></span> <span class='ocrx_word' id='word_1_173' title='bbox 1063 2740 1118 2822; x_wconf 92' lang='lat' dir='ltr'><strong>qui</strong></span> 
     </span>
     <span class='ocr_line' id='line_1_23' title="bbox 105 2843 1116 2930; baseline -0.007 -19"><span class='ocrx_word' id='word_1_174' title='bbox 105 2847 218 2930; x_wconf 90' lang='lat' dir='ltr'><strong>punit,</strong></span> <span class='ocrx_word' id='word_1_175' title='bbox 268 2850 423 2912; x_wconf 90' lang='lat' dir='ltr'><strong>emendat.</strong></span> <span class='ocrx_word' id='word_1_176' title='bbox 490 2846 652 2910; x_wconf 88' lang='lat' dir='ltr'><strong>Cohaeret</strong></span> <span class='ocrx_word' id='word_1_177' title='bbox 685 2867 765 2929; x_wconf 84' lang='lat' dir='ltr'><strong>ergo</strong></span> <span class='ocrx_word' id='word_1_178' title='bbox 800 2843 905 2906; x_wconf 88' lang='lat' dir='ltr'><strong>omnia</strong></span> <span class='ocrx_word' id='word_1_179' title='bbox 937 2845 1019 2906; x_wconf 89' lang='lat' dir='ltr'><strong>Fato</strong></span> <span class='ocrx_word' id='word_1_180' title='bbox 1052 2863 1116 2904; x_wconf 90' lang='lat' dir='ltr'><strong>non</strong></span> 
     </span>
     <span class='ocr_line' id='line_1_24' title="bbox 106 2946 1125 3030; baseline -0.004 -18"><span class='ocrx_word' id='word_1_181' title='bbox 106 2951 201 3026; x_wconf 84' lang='lat' dir='ltr'><strong>fieri,</strong></span> <span class='ocrx_word' id='word_1_182' title='bbox 242 2963 273 3013; x_wconf 87' lang='lat' dir='ltr'><strong>et</strong></span> <span class='ocrx_word' id='word_1_183' title='bbox 302 2951 402 3012; x_wconf 89' lang='lat' dir='ltr'><strong>nullas</strong></span> <span class='ocrx_word' id='word_1_184' title='bbox 433 2971 503 3012; x_wconf 90' lang='lat' dir='ltr'><strong>csse</strong></span> <span class='ocrx_word' id='word_1_185' title='bbox 530 2949 719 3012; x_wconf 88' lang='lat' dir='ltr'><strong>tributiones</strong></span> <span class='ocrx_word' id='word_1_186' title='bbox 748 2951 905 3012; x_wconf 87' lang='lat' dir='ltr'><strong>honorum</strong></span> <span class='ocrx_word' id='word_1_187' title='bbox 929 2959 959 3008; x_wconf 90' lang='lat' dir='ltr'><strong>et</strong></span> <span class='ocrx_word' id='word_1_188' title='bbox 982 2946 1125 3030; x_wconf 85' lang='lat' dir='ltr'><strong>castiga-.</strong></span> 
     </span>
     <span class='ocr_line' id='line_1_25' title="bbox 105 3051 1133 3138; baseline -0.006 -22"><span class='ocrx_word' id='word_1_189' title='bbox 105 3055 240 3137; x_wconf 30' lang='lat' dir='ltr'><strong>tiones..</strong></span> <span class='ocrx_word' id='word_1_190' title='bbox 267 3055 331 3117; x_wconf 88' lang='lat' dir='ltr'><strong>Hic</strong></span> <span class='ocrx_word' id='word_1_191' title='bbox 353 3075 433 3137; x_wconf 90' lang='lat' dir='ltr'><strong>ergo</strong></span> <span class='ocrx_word' id='word_1_192' title='bbox 456 3074 562 3115; x_wconf 89' lang='lat' dir='ltr'><strong>sermo</strong></span> <span class='ocrx_word' id='word_1_193' title='bbox 585 3073 626 3114; x_wconf 86' lang='lat' dir='ltr'><strong>ex</strong></span> <span class='ocrx_word' id='word_1_194' title='bbox 648 3054 758 3138; x_wconf 87' lang='lat' dir='ltr'><strong>eadem</strong></span> <span class='ocrx_word' id='word_1_195' title='bbox 778 3053 935 3114; x_wconf 88' lang='lat' dir='ltr'><strong>desumtus</strong></span> <span class='ocrx_word' id='word_1_196' title='bbox 958 3051 1133 3132; x_wconf 17' lang='lat' dir='ltr'><strong>palaestra,</strong></span> 
     </span>
     <span class='ocr_line' id='line_1_26' title="bbox 106 3153 1116 3239; baseline -0.009 -17"><span class='ocrx_word' id='word_1_197' title='bbox 106 3181 165 3239; x_wconf 90' lang='lat' dir='ltr'><strong>per</strong></span> <span class='ocrx_word' id='word_1_198' title='bbox 188 3160 297 3220; x_wconf 87' lang='lat' dir='ltr'><strong>eadem</strong></span> <span class='ocrx_word' id='word_1_199' title='bbox 320 3179 400 3239; x_wconf 89' lang='lat' dir='ltr'><strong>quae</strong></span> <span class='ocrx_word' id='word_1_200' title='bbox 423 3157 579 3230; x_wconf 84' lang='lat' dir='ltr'><strong>diximus,</strong></span> <span class='ocrx_word' id='word_1_201' title='bbox 615 3155 687 3218; x_wconf 82' lang='lat' dir='ltr'><strong>salsi</strong></span> <span class='ocrx_word' id='word_1_202' title='bbox 709 3153 928 3218; x_wconf 84' lang='lat' dir='ltr'><strong>convincetur.</strong></span> <span class='ocrx_word' id='word_1_203' title='bbox 974 3154 1116 3216; x_wconf 90' lang='lat' dir='ltr'><strong>Primum</strong></span> 
     </span>
    </p>
   </div>
   <div class='ocr_carea' id='block_1_10' title="bbox 107 3255 1211 3342">
    <p class='ocr_par' dir='ltr' id='par_1_11' title="bbox 107 3255 1211 3342">
     <span class='ocr_line' id='line_1_27' title="bbox 107 3255 1211 3342; baseline -0.008 -18"><span class='ocrx_word' id='word_1_204' title='bbox 107 3261 188 3324; x_wconf 84' lang='lat' dir='ltr'><strong>enim</strong></span> <span class='ocrx_word' id='word_1_205' title='bbox 212 3261 280 3342; x_wconf 89' lang='lat' dir='ltr'><strong>quis</strong></span> <span class='ocrx_word' id='word_1_206' title='bbox 302 3261 395 3322; x_wconf 83' lang='lat' dir='ltr'><strong>facile</strong></span> <span class='ocrx_word' id='word_1_207' title='bbox 412 3259 604 3322; x_wconf 89' lang='lat' dir='ltr'><strong>concesserit</strong></span> <span class='ocrx_word' id='word_1_208' title='bbox 619 3259 713 3320; x_wconf 87' lang='lat' dir='ltr'><strong>illud:</strong></span> <span class='ocrx_word' id='word_1_209' title='bbox 739 3257 808 3320; x_wconf 86' lang='lat' dir='ltr'><strong>Nisi</strong></span> <span class='ocrx_word' id='word_1_210' title='bbox 824 3257 907 3318; x_wconf 87' lang='lat' dir='ltr'><strong>Fato</strong></span> <span class='ocrx_word' id='word_1_211' title='bbox 922 3256 998 3316; x_wconf 84' lang='lat' dir='ltr'><strong>fiant</strong></span> <span class='ocrx_word' id='word_1_212' title='bbox 1014 3255 1117 3319; x_wconf 90' lang='lat' dir='ltr'><strong>omnia</strong></span> <span class='ocrx_word' id='word_1_213' title='bbox 1210 3289 1211 3292; x_wconf 33' lang='lat'>¹</span> 
     </span>
    </p>
   </div>
   <div class='ocr_carea' id='block_1_11' title="bbox 106 3353 1212 4075">
    <p class='ocr_par' dir='ltr' id='par_1_12' title="bbox 106 3353 1212 3859">
     <span class='ocr_line' id='line_1_28' title="bbox 108 3353 1115 3448; baseline -0.006 -23"><span class='ocrx_word' id='word_1_214' title='bbox 108 3387 173 3428; x_wconf 87' lang='lat' dir='ltr'><strong>uon</strong></span> <span class='ocrx_word' id='word_1_215' title='bbox 196 3375 244 3426; x_wconf 90' lang='lat' dir='ltr'><strong>est</strong></span> <span class='ocrx_word' id='word_1_216' title='bbox 257 3363 372 3426; x_wconf 88' lang='lat' dir='ltr'><strong>Mundi</strong></span> <span class='ocrx_word' id='word_1_217' title='bbox 395 3363 596 3446; x_wconf 84' lang='lat' dir='ltr'><strong>gubernatio,</strong></span> <span class='ocrx_word' id='word_1_218' title='bbox 622 3383 702 3444; x_wconf 86' lang='lat' dir='ltr'><strong>quae</strong></span> <span class='ocrx_word' id='word_1_219' title='bbox 724 3359 889 3442; x_wconf 90' lang='lat' dir='ltr'><strong>prohiberi</strong></span> <span class='ocrx_word' id='word_1_220' title='bbox 909 3353 1115 3448; x_wconf 81' lang='lat' dir='ltr'><strong>impedirique</strong></span> 
     </span>
     <span class='ocr_line' id='line_1_29' title="bbox 106 3462 1115 3550; baseline -0.007 -22"><span class='ocrx_word' id='word_1_221' title='bbox 106 3465 265 3550; x_wconf 80' lang='lat' dir='ltr'><strong>nequeat?</strong></span> <span class='ocrx_word' id='word_1_222' title='bbox 287 3467 383 3529; x_wconf 87' lang='lat' dir='ltr'><strong>Fiunt</strong></span> <span class='ocrx_word' id='word_1_223' title='bbox 405 3465 486 3528; x_wconf 90' lang='lat' dir='ltr'><strong>enim</strong></span> <span class='ocrx_word' id='word_1_224' title='bbox 509 3468 661 3548; x_wconf 88' lang='lat' dir='ltr'><strong>quaedam</strong></span> <span class='ocrx_word' id='word_1_225' title='bbox 685 3486 725 3526; x_wconf 84' lang='lat' dir='ltr'><strong>ex</strong></span> <span class='ocrx_word' id='word_1_226' title='bbox 738 3462 940 3537; x_wconf 85' lang='lat' dir='ltr'><strong>necessitate,</strong></span> <span class='ocrx_word' id='word_1_227' title='bbox 965 3463 1115 3544; x_wconf 89' lang='lat' dir='ltr'><strong>quaedam</strong></span> 
     </span>
     <span class='ocr_line' id='line_1_30' title="bbox 112 3569 1114 3653; baseline -0.008 -20"><span class='ocrx_word' id='word_1_228' title='bbox 112 3583 229 3633; x_wconf 88' lang='lat' dir='ltr'><strong>eventu</strong></span> <span class='ocrx_word' id='word_1_229' title='bbox 262 3569 431 3653; x_wconf 88' lang='lat' dir='ltr'><strong>ambiguo,</strong></span> <span class='ocrx_word' id='word_1_230' title='bbox 471 3581 502 3630; x_wconf 91' lang='lat' dir='ltr'><strong>et</strong></span> <span class='ocrx_word' id='word_1_231' title='bbox 530 3569 645 3631; x_wconf 89' lang='lat' dir='ltr'><strong>horum</strong></span> <span class='ocrx_word' id='word_1_232' title='bbox 674 3569 824 3651; x_wconf 89' lang='lat' dir='ltr'><strong>quaedam</strong></span> <span class='ocrx_word' id='word_1_233' title='bbox 856 3588 915 3647; x_wconf 86' lang='lat' dir='ltr'><strong>per</strong></span> <span class='ocrx_word' id='word_1_234' title='bbox 950 3577 1114 3639; x_wconf 85' lang='lat' dir='ltr'><strong>naturam,</strong></span> 
     </span>
     <span class='ocr_line' id='line_1_31' title="bbox 108 3663 1212 3757; baseline -0.002 -26"><span class='ocrx_word' id='word_1_235' title='bbox 108 3663 260 3757; x_wconf 80' lang='lat' dir='ltr'><strong>quaedam</strong></span> <span class='ocrx_word' id='word_1_236' title='bbox 281 3695 323 3734; x_wconf 85' lang='lat' dir='ltr'><strong>ex</strong></span> <span class='ocrx_word' id='word_1_237' title='bbox 346 3673 460 3735; x_wconf 88' lang='lat' dir='ltr'><strong>dilectu</strong></span> <span class='ocrx_word' id='word_1_238' title='bbox 482 3685 513 3734; x_wconf 90' lang='lat' dir='ltr'><strong>et</strong></span> <span class='ocrx_word' id='word_1_239' title='bbox 534 3671 675 3747; x_wconf 83' lang='lat' dir='ltr'><strong>ratione,</strong></span> <span class='ocrx_word' id='word_1_240' title='bbox 701 3673 852 3754; x_wconf 87' lang='lat' dir='ltr'><strong>quaedam</strong></span> <span class='ocrx_word' id='word_1_241' title='bbox 876 3669 1031 3750; x_wconf 90' lang='lat' dir='ltr'><strong>appetitus</strong></span> <span class='ocrx_word' id='word_1_242' title='bbox 1047 3689 1115 3730; x_wconf 91' lang='lat' dir='ltr'><strong>mo-</strong></span> <span class='ocrx_word' id='word_1_243' title='bbox 1208 3667 1212 3673; x_wconf 70' lang='grc'>’</span> 
     </span>
     <span class='ocr_line' id='line_1_32' title="bbox 107 3773 1176 3859; baseline -0.006 -23"><span class='ocrx_word' id='word_1_244' title='bbox 107 3777 211 3840; x_wconf 89' lang='lat' dir='ltr'><strong>tione:</strong></span> <span class='ocrx_word' id='word_1_245' title='bbox 237 3778 388 3859; x_wconf 87' lang='lat' dir='ltr'><strong>quaedam</strong></span> <span class='ocrx_word' id='word_1_246' title='bbox 411 3787 464 3837; x_wconf 84' lang='lat' dir='ltr'><strong>aut</strong></span> <span class='ocrx_word' id='word_1_247' title='bbox 485 3776 571 3838; x_wconf 84' lang='lat' dir='ltr'><strong>sorte</strong></span> <span class='ocrx_word' id='word_1_248' title='bbox 592 3775 720 3837; x_wconf 82' lang='lat' dir='ltr'><strong>fortuna</strong></span> <span class='ocrx_word' id='word_1_249' title='bbox 743 3785 797 3836; x_wconf 88' lang='lat' dir='ltr'><strong>aut</strong></span> <span class='ocrx_word' id='word_1_250' title='bbox 819 3795 904 3835; x_wconf 90' lang='lat' dir='ltr'><strong>casu.</strong></span> <span class='ocrx_word' id='word_1_251' title='bbox 949 3773 1039 3832; x_wconf 87' lang='lat' dir='ltr'><strong>Haec</strong></span> <span class='ocrx_word' id='word_1_252' title='bbox 1061 3793 1115 3831; x_wconf 85' lang='lat' dir='ltr'><strong>an-</strong></span> <span class='ocrx_word' id='word_1_253' title='bbox 1174 3788 1176 3793; x_wconf 90' lang='grc'><strong><em>·</em></strong></span> 
     </span>
    </p>

    <p class='ocr_par' dir='ltr' id='par_1_13' title="bbox 107 3877 1116 4075">
     <span class='ocr_line' id='line_1_33' title="bbox 107 3877 1116 3960; baseline -0.008 -18"><span class='ocrx_word' id='word_1_254' title='bbox 107 3893 169 3943; x_wconf 89' lang='lat' dir='ltr'><strong>tem</strong></span> <span class='ocrx_word' id='word_1_255' title='bbox 199 3881 304 3943; x_wconf 90' lang='lat' dir='ltr'><strong>omnia</strong></span> <span class='ocrx_word' id='word_1_256' title='bbox 336 3901 394 3959; x_wconf 88' lang='lat' dir='ltr'><strong>per</strong></span> <span class='ocrx_word' id='word_1_257' title='bbox 426 3902 520 3956; x_wconf 86' lang='lat' dir='ltr'><strong>uuum</strong></span> <span class='ocrx_word' id='word_1_258' title='bbox 554 3879 667 3942; x_wconf 88' lang='lat' dir='ltr'><strong>Fatum</strong></span> <span class='ocrx_word' id='word_1_259' title='bbox 698 3879 864 3960; x_wconf 72' lang='lat' dir='ltr'><strong>tolluntur.</strong></span> <span class='ocrx_word' id='word_1_260' title='bbox 929 3877 1003 3952; x_wconf 86' lang='lat' dir='ltr'><strong>Non</strong></span> <span class='ocrx_word' id='word_1_261' title='bbox 1036 3894 1116 3957; x_wconf 80' lang='lat' dir='ltr'><strong>ergo</strong></span> 
     </span>
     <span class='ocr_line' id='line_1_34' title="bbox 108 3971 1116 4075; baseline -0.012 -28"><span class='ocrx_word' id='word_1_262' title='bbox 108 3996 213 4047; x_wconf 88' lang='lat' dir='ltr'><strong>manet</strong></span> <span class='ocrx_word' id='word_1_263' title='bbox 244 3981 307 4046; x_wconf 87' lang='lat' dir='ltr'><strong>iam</strong></span> <span class='ocrx_word' id='word_1_264' title='bbox 328 3983 443 4045; x_wconf 88' lang='lat' dir='ltr'><strong>Mundi</strong></span> <span class='ocrx_word' id='word_1_265' title='bbox 473 3979 662 4075; x_wconf 80' lang='lat' dir='ltr'><strong>gubernatio</strong></span> <span class='ocrx_word' id='word_1_266' title='bbox 695 3978 913 4060; x_wconf 81' lang='lat' dir='ltr'><strong>improhibita</strong></span> <span class='ocrx_word' id='word_1_267' title='bbox 928 3989 957 4040; x_wconf 89' lang='lat' dir='ltr'><strong>et</strong></span> <span class='ocrx_word' id='word_1_268' title='bbox 991 3971 1116 4038; x_wconf 86' lang='lat' dir='ltr'><strong>minime</strong></span> 
     </span>
    </p>
   </div>
   <div class='ocr_carea' id='block_1_12' title="bbox 0 0 1387 4760">
    <p class='ocr_par' dir='ltr' id='par_1_14' title="bbox 0 0 1387 4760">
     <span class='ocr_line' id='line_1_35' title="bbox 0 0 1387 4760; baseline 0 0"><span class='ocrx_word' id='word_1_269' title='bbox 0 0 1387 4760; x_wconf 95' lang='lat' dir='ltr'><strong> </strong></span> 
     </span>
    </p>
   </div>
  </div>
 </body>
</html>
