2758 4760
1025 464 1099 526 115Ι

69 652 126 692 nec
148 629 221 693 ficri
242 641 349 711 potest
370 642 404 710 ut
427 631 481 714 qui
503 653 543 692 ex
565 631 720 712 appetitus
744 633 882 695 motione
907 646 1057 714 operatur
1069 679 1082 707 ‚.

69 755 137 797 non
157 744 310 815 sequatur
331 733 398 796 illas
423 755 549 808 causas,
581 756 651 794 cum
674 756 766 796 causa
792 757 871 818 quae
888 723 935 796 ¹en
953 737 1023 818 ipso
1050 749 1082 798 ct

67 835 132 898 istis
162 835 264 897 causis
296 836 335 897 sit
368 836 532 910 adiuncta,
572 836 652 898 sicut
683 859 742 901 nec
771 840 809 900 de
843 839 967 901 sublimi
1006 817 1083 902 loco¹

68 937 166 1000 iactus
191 938 271 1018 lapis
293 960 358 1000 non
378 950 484 1019 potest
511 960 574 1002 non
596 939 674 1003 ferri
697 943 868 1028 deorsum,
892 953 944 1002 aut
964 943 1079 1026 globus

67 1063 125 1122 per
148 1041 271 1103 declive
294 1041 431 1102 deiectus
456 1064 519 1103 non
542 1042 660 1116 rotari,
686 1064 765 1124 quae
788 1045 870 1108 ultra
893 1045 952 1107 erit
974 1046 1080 1129 legum
1147 1082 1155 1094 ·

66 1143 216 1206 utilitas?
243 1143 330 1206 Sicut
346 1143 427 1206 enim
442 1143 522 1224 lapis
539 1144 617 1206 nihil
635 1143 839 1226 impedietur,
868 1147 894 1208 si
912 1147 980 1229 quis
998 1147 1080 1210 dicat

68 1267 137 1308 eum
166 1268 232 1310 non
255 1248 371 1310 debere
399 1248 547 1309 deorsum
572 1246 668 1322 ferri,
708 1268 779 1308 cum
803 1247 872 1330 ipse
897 1261 1008 1312 natura
1036 1251 1081 1312 ita

68 1349 252 1425 suiectus,
292 1362 323 1412 et
351 1353 390 1412 ad
413 1349 446 1411 id
473 1349 666 1431 opitulentur
692 1372 803 1412 causae
825 1357 996 1426 externae,
1035 1352 1081 1415 sie

67 1473 167 1535 neque
202 1464 347 1515 nostrum
379 1451 543 1539 quisquam
573 1453 756 1535 persuaderi
784 1452 903 1535 poterit
936 1468 989 1516 aut
1028 1477 1081 1518 ra·
1173 1435 1179 1450 ⁸

68 1556 149 1618 tione
172 1567 226 1618 aut
245 1555 335 1639 lege,
361 1577 440 1638 quae
464 1577 534 1618 eum
557 1556 633 1619 velit
652 1553 742 1620 aliter
767 1578 881 1641 agere,
909 1580 1002 1640 quam
1016 1557 1081 1620 fert

67 1680 84 1719 a
104 1659 378 1722 circumstantibus
397 1659 580 1721 necessitas.
627 1658 714 1722 Nihil
740 1658 821 1722 enirn
843 1661 936 1724 uobis
959 1661 1098 1736 accidet

67 1761 224 1823 commodi
237 1782 277 1824 ex
292 1761 452 1822 intellectu
468 1783 598 1838 eorum,
623 1784 703 1844 quae
718 1763 841 1847 legibus
858 1763 1026 1840 iubentur,
1051 1763 1078 1826 si

66 1885 176 1925 causae
190 1876 261 1926 ante
269 1865 370 1926 iactae
378 1875 469 1938 sunt,
495 1863 609 1946 quibus
620 1849 890 1928 circumstantibus
898 1867 1077 1930 necessario

66 1969 206 2028 trahatur
235 1967 336 2030 motio
360 1966 530 2048 appetitus.
575 1968 627 2030 Ac
649 1967 695 2030 sic
722 1968 845 2030 tollitur
869 1969 969 2031 omnis
997 1991 1077 2051 quae

65 2081 107 2131 est
133 2092 175 2131 ex
199 2070 323 2153 legibus
353 2070 491 2144 utilitas,
532 2070 559 2132 si
581 2071 667 2154 leges
698 2069 822 2152 quidem
852 2071 915 2131 vim
941 2071 1078 2136 habeant

64 2172 189 2236 iubendi
220 2193 300 2255 quae
336 2172 479 2236 facienda
508 2184 580 2234 sunt
611 2184 642 2234 et
669 2172 795 2233 vetandi
817 2193 896 2254 quae
918 2195 982 2235 non
1005 2186 1077 2236 sunt

65 2275 226 2352 facienda,
251 2295 316 2336 non
338 2274 481 2358 sequitur
505 2288 608 2338 autem
629 2274 709 2358 legis
731 2275 865 2356 imperio
887 2274 919 2336 id
934 2279 1020 2356 quod
1035 2297 1076 2340 ex

63 2379 218 2460 appetitus
253 2377 393 2441 motione
421 2377 573 2454 facimus,
612 2379 668 2440 ubi
704 2379 939 2441 circumstantes
963 2399 1075 2441 causae
1100 2448 1102 2468 s
1176 2387 1178 2390 ’

63 2481 121 2545 alio
150 2503 211 2544 nos
240 2491 369 2544 movent
398 2502 435 2542 ac
460 2462 597 2567 ra'piunt.
643 2480 697 2544 Sic
718 2485 821 2543 autein
844 2503 903 2562 per
925 2480 987 2542 tale
1010 2483 1076 2542 Fa«
1123 2517 1129 2526 -

62 2594 126 2646 turn
150 2586 297 2646 submota
320 2584 427 2667 legum
457 2583 589 2645 utilitate
617 2583 772 2646 tolluntur
800 2595 831 2646 et
858 2585 946 2667 leges
991 2585 1074 2646 Nam

62 2687 194 2752 utilitate
222 2687 329 2772 legum
358 2687 389 2748 id
419 2699 466 2748 est
495 2687 639 2749 libertate
660 2687 835 2750 'obediendi
862 2686 986 2772 legibus
1009 2686 1073 2748 Fa·
1102 2753 1103 2756 Ἴ

61 2801 127 2853 tum
150 2812 210 2862 nos
234 2791 362 2871 spoliat.
406 2792 524 2892 Longe
554 2811 635 2874 ergo
666 2793 755 2852 abest
783 2803 818 2852 ut
847 2803 998 2872 sequatur
1025 2789 1072 2854 le·

62 2915 133 2977 gem
157 2915 237 2969 esse,
261 2893 332 2956 ideo
355 2895 443 2982 quod
465 2894 505 2956 sit
527 2895 653 2959 Fatum.
677 2894 748 2957 Imo
770 2905 913 2977 pugnant
933 2893 1072 2955 intense

60 2998 175 3060 Fatum
199 3009 230 3064 et
251 2997 317 3059 lex.
362 2998 443 3060 Nam
465 2997 518 3058 lex
542 2997 616 3079 quid
639 2995 678 3057 sit
699 2995 875 3084 faciendum
897 2995 1070 3078 praecipit,

19 3149 21 3154 s
59 3111 209 3182 tanquam
231 3097 253 3160 ii
275 3097 328 3180 qui
351 3109 449 3182 agunt
470 3097 592 3179 possint
613 3097 819 3180 praecipienti
833 3119 962 3179 parere,
988 3101 1070 3161 unde

59 3214 90 3263 et
111 3202 173 3264 sibi
194 3223 260 3265 non
290 3213 437 3281 parentes
470 3202 523 3264 lex
556 3213 591 3263 ut
619 3213 725 3264 sontes
754 3201 865 3282 punit,
901 3213 932 3262 at
960 3213 1070 3265 contra

61 3305 243 3368 obedientes
267 3305 359 3367 afficit
381 3304 527 3384 praemiis
551 3317 585 3366 ut
617 3317 703 3366 rccte
734 3315 876 3387 agentes.
934 3304 979 3365 At
1012 3303 1070 3367 fati
1157 3345 1165 3358 «

60 3408 171 3490 opinio
195 3407 268 3469 dicit
290 3407 394 3471 omnia
416 3428 495 3488 quae
518 3407 596 3469 fiunt
625 3419 655 3468 ct
683 3404 861 3470 necessario
889 3404 976 3484 fieri,
1015 3393 1069 3469 ¹aut

60 3531 220 3573 excausa
249 3510 353 3573 simili.
410 3510 499 3590 Quae
528 3521 630 3572 autem
663 3509 756 3572 simili
788 3531 828 3571 ex
858 3529 950 3570 causa
972 3507 1063 3584 fiunt,

60 3635 181 3678 eorum.
194 3612 334 3696 iniquum
356 3612 396 3674 sit
417 3612 477 3674 alia
498 3611 601 3674 dicere
628 3613 756 3686 delicta,
796 3611 855 3673 alia
877 3623 962 3673 recte
986 3623 1066 3674 acta.

60 3719 144 3780 Nam
171 3716 200 3779 si
230 3716 298 3799 quis
327 3715 408 3778 dicat
436 3716 527 3779 ctiam
558 3716 662 3799 legem
684 3719 752 3777 esse
774 3715 855 3777 inter
877 3715 1066 3777 necessarias

59 3820 128 3884 illas
136 3867 151 3911 ἱ,
177 3831 208 3881 ct
231 3841 248 3880 a
270 3819 352 3894 Fato
375 3832 446 3880 ante
466 3819 562 3883 iactas
585 3839 711 3894 causas,
746 3818 943 3881 manifestum
965 3829 1013 3880 est
1033 3817 1066 3879 in

59 3923 97 3990 iis
127 3945 209 4008 quae
237 3921 301 4006 legi
337 3935 546 3988 consentanea
578 3919 696 4008 agunt,
742 3920 833 3988 etiarn
861 3921 964 4006 legem
990 3921 1065 3984 fore
