2804 4762
226 386 267 448 10

219 554 338 641 νέσεως
352 548 458 623 άυτού
471 548 622 646 δεύτερον
635 549 783 635 τὸτέλος
803 550 845 623 ὁύ
857 549 956 648 χάριν
975 559 1103 644 γέγονε,
1124 563 1235 628 τουτέ-

221 680 296 726 στιν
311 655 334 740 ἢ
348 651 426 778 τιμή
441 682 530 738 τινος
544 655 656 742 ¹⁷)‚³³
633 686 654 740 η
671 659 717 737 ἒις
736 656 821 728 Θεὸν
835 655 984 747 εὐσέβειά
998 686 1049 740 τις
1069 660 1236 743 18)·’άνευ

214 758 286 884 γάρ
300 756 457 844 τοιαύτης
471 757 581 842 ύιτίας
596 757 701 832 οὐδ’
678 787 720 832 αν
734 759 794 848 τὴν
803 758 908 856 ἀρχὴν
922 788 941 832 ο
929 760 1118 857 ἀνδριάς
1101 770 1237 854 εγένετο.

214 849 350 938 Ὄντων
355 862 643 936 τοίνυντοσαύτων
657 868 722 936 τών
736 863 850 936 άιτίων
863 869 992 950 19),καὶ
1006 865 1066 952 τὴν
1079 867 1164 994 πρὸς
1177 868 1236 938 άλ-
1312 939 1317 950 ,

218 971 305 1050 ληλα
331 965 547 1063 διαφοράν’
531 967 671 1059 εχόντων
697 965 879 1064 γνώριμον,
909 966 970 1054 τὴν
983 973 1182 1065 ἑιμαρμένην
1202 975 1237 1042 ἐν

217 1075 494 1156 τοῖςποιητικσῖς
510 1070 631 1154 ἆιτίοις
655 1075 789 1153 δικαίως
806 1070 848 1144 ίίν
868 1079 1140 1167 καταριθμοῖμεν
1153 1072 1236 1144 ἀνα-

142 1199 148 1211 ·
220 1175 337 1264 λογίαν
351 1172 522 1260 σώζουσαν
542 1176 627 1270 πρὸς
643 1173 688 1246 τά
703 1173 861 1268 γινόμενα
879 1173 949 1247 κατ’
973 1174 1093 1262 άυτὴν,
1116 1181 1162 1272 τῷ
1175 1181 1235 1247 τού

217 1275 417 1372 ἀνδριάντος
437 1281 627 1376 δημιουργῷ
648 1282 773 1378 τεχνίτη
795 1281 855 1364 ²⁰).

286 1483 417 1557 Τούτου
438 1491 474 1556 δὲ
495 1479 600 1569 ούτως
623 1485 777 1580 ἔχοντος,
805 1484 1003 1558 ἀκόλουθον
1021 1487 1065 1559 ύίν
1089 1490 1138 1574 ε’ίη
1161 1500 1235 1584 περὶ

218 1591 284 1659 τών
318 1593 499 1675 ποιητικῶν
534 1589 649 1662 άιτίων
687 1589 907 1662 ποιύσασθαι
947 1589 1006 1662 τὸν
1043 1588 1145 1680 λόγον
1191 1599 1237 1679 ι)·

217 1685 303 1762 ούτω
325 1692 398 1824 γάρ
417 1693 516 1766 ἔσται
531 1692 714 1790 γνώριμον,
742 1699 805 1766 ε’ίτε
820 1691 953 1765 πάντων
972 1696 1038 1764 τών
1057 1703 1236 1786 γινομένων

213 1824 277 1890 χρη
298 1823 359 1881 την
382 1801 580 1892 ἑιμαρμένην
604 1796 851 1884 ἆιτιᾶοθαι,
835 1803 896 1869 ε’ίτε
918 1801 971 1868 δτι
987 1797 1021 1880 2)
1041 1805 1099 1870 καὶ
1119 1799 1236 1882 άλλοις

217 1907 285 1969 τισὶ
310 1897 406 2026 παρά
435 1899 531 1986 τηνδε
563 1910 760 1996 συγχωρεῖν,
794 1900 839 1984 ώς
867 1891 943 1972 ούσι
972 1910 1157 1986 ποιητικοῖς
1185 1931 1234 1974 τι-

215 2029 281 2073 νων
300 2001 431 2085 άιτίοις,
480 2000 655 2076 Απάντων
682 2003 723 2090 δὴ
745 2009 808 2076 τῶν
834 2010 1012 2095 γινομένων
1036 2003 1232 2099 Ἀριστοτέ-

214 2113 274 2192 λης
310 2111 338 2192 ⁵)
370 2103 567 2200 αἰσιούμενος
599 2107 661 2194 τὴν
685 2112 846 2204 διαίρεσιν
869 2101 898 2193 4)
910 2161 919 2192 ,
964 2107 1009 2178 τά
1037 2117 1098 2198 μὲν
1126 2108 1234 2181 άυτών

215 2209 305 2292 τινὸς
329 2207 429 2305 χάριν
456 2214 620 2300 γίνεσθαι
654 2217 760 2302 λέγει,
779 2299 784 2309 ι
804 2209 931 2282 σκοπόν
955 2220 1112 2282 τινακαὶ
1140 2219 1233 2294 τέλος

215 2314 283 2383 τώύ
318 2319 497 2412 γινομένων
538 2317 750 2408 προκείμενον
792 2317 923 2407 ἔχοντος
961 2320 1020 2386 τού
1046 2320 1233 2397 ποιοῦντος

166 2441 169 2454 ·
214 2416 318 2501 άυτά,
347 2413 445 2488 τάδ
473 2415 626 2500 ούδονός·
668 2412 735 2488 ὅσα
757 2417 821 2514 γάρ
840 2421 870 2505 5)
903 2417 942 2488 ού
960 2415 1046 2488 κατὰ
1066 2416 1232 2513 προθεσίν

215 2548 291 2590 τινα
308 2517 373 2589 ὑπὸ
393 2523 454 2589 τού
468 2521 643 2602 ποιοῦντος
660 2524 802 2610 γίνεται,
820 2517 890 2592 οὐδ’
911 2525 964 2643 ἔχει
980 2518 1115 2601 τέλος“
1093 2528 1232 2615 ωρισμέ-

213 2651 271 2695 νον
293 2625 357 2715 ἔχει
374 2621 436 2708 τὴν
449 2622 643 2720 ἀναφοράν,
668 2629 810 2695 τοιαῦτα
833 2620 938 2694 ὁπόιά
956 2628 1027 2693 ἐστι
1041 2629 1179 2718 κορμῶν
1201 2620 1231 2710 6)

211 2732 248 2796 τέ
273 2753 371 2798 τινων
397 2724 631 2821 διακρατὴσεις
661 2735 718 2798 καλ
752 2733 1003 2860 περιστροςοαλ,
1027 2734 1085 2796 καὶ
1110 2732 1230 2853 τριχών

140 2863 142 2868 ·
214 2832 344 2925 ἕποιφαί
378 2856 413 2898 τε
452 2836 508 2900 καί
549 2828 696 2913 ἐκτάσεις
708 2883 717 2915 ,
763 2838 819 2900 καί
850 2823 915 2898 ίίσα
945 2827 1078 2911 τούτοις
1110 2829 1231 2922 ὁμοίως

212 2936 357 3040 γίνεται
391 2927 415 3000 ύί
439 2931 504 3027 γάρ
528 2927 634 3017 ηὸτι
650 2942 710 3023 μὲν
730 2936 854 3021 γίνεται
878 2933 908 3017 8)
937 2940 993 3002 καὶ
1014 2931 1116 3017 άυτά,
1125 2933 1229 3055 γνώ-

212 3061 331 3158 ριμον,
360 3033 404 3104 σύ
402 3033 486 3158 μίχν
512 3036 577 3125 ἔχει
601 3034 725 3120 ⁸h)
689 3063 749 3120 την
774 3033 863 3105 κατά
886 3041 979 3118 τέλος
1003 3041 1033 3121 9)
1059 3045 1116 3106 καί
1139 3036 1230 3119 τινὸς

209 3136 308 3233 χάριν
326 3136 413 3224 ¹⁰)³
393 3140 513 3209 αιτίαν.
561 3138 673 3208 Τάὲ
633 3169 658 3228 μ
659 3147 693 3208 ἐν
711 3128 771 3207 σύν
791 3133 876 3207 ούτω
897 3136 1053 3231 γινόμενα
1073 3138 1228 3222 ἀσκόπως

212 3269 247 3312 τε
275 3248 331 3311 καὶ
359 3239 471 3322 άπλώς
494 3238 651 3332 γινόμενα
681 3239 837 3328 οὐδεμίαν
861 3240 1039 3332 ἒύλογον”
1018 3271 1082 3335 εχει
1104 3247 1227 3338 διαίρε-

203 3355 285 3416 σιν·
319 3347 383 3416 τών
400 3349 436 3415 δέ
462 3347 514 3414 ε’πί
541 3371 575 3414 τι
594 3343 655 3428 τὴν
683 3340 860 3440 ἀναφοράν
880 3343 1033 3438 ἐχόντων,
1064 3349 1121 3419 καί
1136 3373 1227 3428 τινος

210 3453 388 3539 γινομένων
417 3444 532 3542 χάριν,
573 3445 616 3516 τά
643 3455 705 3536 μὲν
731 3446 991 3573 κατὰφύσιν,
1003 3448 1049 3518 τά
1073 3454 1110 3520 δὲ
1138 3448 1226 3524 κατά

211 3549 311 3640 λόγον
339 3554 464 3640 γίνεται
497 3554 549 3633 ¹¹).
610 3547 664 3618 Τά
690 3575 724 3620 τε
747 3549 813 3644 γάρ
834 3548 940 3674 φύσιν
971 3549 1082 3624 ύιτίαν
1103 3554 1223 3644 ἔχοντα

209 3658 270 3740 τῆς
293 3655 463 3743 γενέσεως,
501 3649 587 3722 κατά
605 3679 699 3734 τινας
726 3652 914 3745 ἀριθμούς,
950 3663 1006 3726 καί
1027 3654 1168 3742 τάξιν“
1146 3683 1223 3750 ωρι-

210 3762 331 3857 σμένην
355 3753 505 3852 πρόεισιν
528 3756 574 3836 ἐίς
594 3783 629 3826 τι
652 3762 744 3839 τέλος
768 3759 830 3843 12),
871 3763 905 3829 ἐν
926 3749 953 3854 ᾧ
976 3757 1132 3850 γινόμενα
1163 3785 1224 3832 τοι·

137 3882 140 3887 ·
208 3864 368 3951 γίνεσθαι
392 3856 533 3938 παύεται
568 3863 630 3946 ι3),
677 3865 706 3946 ἐι
728 3859 774 3951 μή
796 3889 829 3931 τι
856 3861 971 3943 ἆυτοῑς
999 3862 1145 3951 [imam]
1177 3859 1221 3948 14)

208 3962 358 4056 ἐμποδών
389 3967 519 4051 γένοιτο
545 3992 586 4062 τη
616 3963 703 4038 κατὰ
734 3959 837 4063 φύσιν
865 3964 973 4040 άυτύν
998 3971 1048 4038 ἐπὶ
1073 3966 1111 4038 τὸ
1139 3993 1222 4062 προ
