2758 4760
1068 385 1127 448 itt

120 578 200 650 iprae
222 555 375 640 ancipitia
407 575 466 618 nos
494 555 623 620 dicimus
655 572 681 618 u
698 548 767 618 Diis
791 553 919 618 retineri
949 565 980 616 et
1014 565 1126 618 eorum

120 673 270 726 eventum
291 658 423 724 delinito
440 657 621 742 praenosci.
665 657 736 724 ltno
753 658 855 723 multo
876 656 976 742 magis
997 657 1038 721 sit
1055 677 1127 718 cre-

96 763 216 832 ·dihile
250 774 377 826 aeterna
412 783 431 825 a
466 761 537 826 Diis
565 759 668 824 deseri
706 771 737 824 et
772 761 911 826 abdicari
943 782 962 824 a
994 759 1128 844 propria

120 868 256 952 quadem
281 850 500 950 prouidentia,
539 885 632 948 quam
657 865 736 928 haec
761 885 841 951 quae
868 865 988 930 fluxam
1010 865 1128 928 habent

120 983 286 1046 naturam,
314 990 386 1032 cum
406 968 463 1034 illa
483 989 524 1032 en
546 979 656 1051 suapte
677 980 789 1031 natura
809 969 945 1032 habeant
964 989 1029 1032 non
1051 965 1129 1030 deli·

120 1073 219 1137 nitam
242 1081 337 1154 atque
365 1070 610 1146 immutabilem,
649 1069 723 1152 quia
751 1069 845 1132 talem
872 1069 1018 1134 dicuntur
1045 1067 1127 1132 acci·

119 1190 207 1260 pere
230 1174 433 1250 exstantiam,
477 1173 557 1236 haec
589 1193 669 1236 vero
702 1193 782 1254 quae
811 1183 883 1235 sunt
915 1172 1038 1256 genita,
1084 1171 1129 1236 ob

40 1261 47 1282 ⁹
118 1278 274 1362 propriae
296 1275 445 1340 materiae
466 1275 639 1339 fluxionem
661 1275 842 1341 omnimoda
864 1275 1035 1338 mutatione
1058 1275 1126 1359 agi·

121 1383 185 1446 tari
206 1395 279 1446 nata
301 1401 403 1463 neque
425 1401 494 1444 esse
521 1399 624 1462 neque
653 1363 824 1454 contineri,
855 1398 959 1462 neque
988 1377 1130 1442 ordinari

121 1489 276 1568 possunt,
315 1484 374 1547 nisi
402 1484 534 1546 multum
561 1483 687 1545 trahant
709 1483 748 1545 ab
771 1481 934 1546 efficientia
956 1480 1070 1563 opifice
1092 1501 1130 1543 ac

23 1585 25 1596 '
120 1587 259 1670 provida
281 1609 406 1670 semper
428 1588 541 1650 eodem·
561 1587 657 1650 modo
680 1606 714 1648 se
735 1585 938 1663 habentium,
972 1605 1037 1648 non
1058 1595 1128 1647 tan-

54 1671 58 1686 *
117 1691 264 1757 tumvilla
285 1691 346 1754 toti
368 1689 566 1773 praesidente
588 1700 621 1751 et
641 1709 808 1772 suprema,
846 1689 962 1752 sedet
989 1711 1007 1752 a
1028 1687 1128 1772 magis

121 1792 367 1878 particularibus
382 1791 544 1878 magisque
559 1790 767 1875 propinquis3
791 1790 870 1854 sicut
885 1804 916 1854 et
937 1792 970 1854 in
991 1792 1128 1856 humano

121 1903 240 1982 'genere
262 1917 382 1978 pueros
404 1895 545 1959 videmus
565 1894 695 1959 maioris
718 1915 814 1980 egere
840 1893 1010 1958 curationis
1033 1917 1128 1978 quam

122 2001 232 2076 viros,
253 1999 302 2060 'et
327 1997 527 2081 improvidos
550 2019 645 2082 quam
665 2000 850 2080 prudentes.
902 1997 1046 2080 Quodsi
1067 2020 1134 2064 n0·‚
1229 2008 1234 2014 '

121 2114 196 2168 rtmt
218 2101 273 2164 Dii
301 2102 410 2165 sutura
431 2121 512 2185 quae
541 2100 687 2185 ancipitia
715 2101 844 2164 dicimus
866 2113 897 2165 et
918 2102 1047 2166 delinito
1061 2124 1127 2191 no-

121 2217 215 2282 runt,
246 2226 285 2268 ne
308 2216 343 2266 ut
364 2205 451 2281 dixi,
489 2204 641 2268 incertam
661 2204 813 2268 iaciamus
836 2225 947 2268 eornm
967 2205 1129 2290 cognitio·

118 2331 211 2386 nem,
250 2310 308 2370 sed
327 2319 446 2372 norunt
468 2309 540 2372 solo
563 2329 656 2372 muro
677 2307 785 2393 ligneo
807 2307 909 2370 salvas
931 2308 1003 2380 sore
1026 2309 1129 2372 Athe·
1213 2365 1227 2382 ,

18 2481 20 2486 ,
120 2433 175 2476 nas
210 2433 229 2475 a
257 2412 471 2480 ,harbarorum
504 2410 642 2492 impetu,
681 2423 713 2474 et
744 2413 832 2493 quod
864 2410 968 2474 divina
997 2411 1129 2476 Salamis

121 2517 236 2599 perdet
257 2513 424 2600 mulierum
446 2514 611 2590 sobolem,
636 2525 667 2594 et
684 2515 771 2597 quod
787 2512 929 2577 Croesus
945 2513 1052 2595 Halyn
1069 2537 1127 2596 pe·

120 2631 250 2682 net-rans
274 2639 418 2701 magnam
439 2629 603 2699 pervertet
625 2639 723 2700 opum
745 2616 827 2694 vim,
866 2629 900 2680 et·
919 2619 1006 2700 quod
1028 2618 1127 2682 Laius

121 2723 243 2786 liberos
266 2741 373 2784 serens
395 2719 533 2782 funditus
556 2742 644 2782 suam
665 2731 788 2784 evertet
815 2722 966 2799 domum,
1004 2703 1129 2806 perspi-

123 2839 220 2890 cuum
241 2825 315 2887 hine
337 2835 385 2886 est
406 2843 471 2886 non
491 2824 633 2905 potuisse
654 2823 715 2886 ista
735 2845 800 2888 non
821 2825 909 2898 fieri;
946 2825 979 2889 id
999 2825 1081 2888 enim
1102 2827 1130 2891 si

123 2941 207 2994 esset
219 2923 237 3005 ,'
268 2947 397 2992 necesse
426 2939 494 2988 erat
515 2925 639 2990 mentiri
660 2927 763 2990 Deos.
821 2927 967 2989 Alterum
989 2950 1068 3014 ergo
1091 2932 1129 2992 de

120 3033 169 3096 his
204 3034 328 3096 duobus
365 3030 586 3094 admittendum
618 3041 693 3105 est,
726 3041 779 3092 aut
813 3030 917 3092 omnia
947 3033 1127 3098 necessario

123 3135 211 3212 fieri,
237 3146 334 3218 atquc
352 3133 396 3196 ita
416 3147 451 3198 ut
469 3132 571 3196 aDiis
593 3131 747 3217 cognosci
768 3131 969 3216 praedicique
989 3136 1125 3217 possint,

121 3252 178 3304 aut
201 3241 289 3322 quod
321 3258 436 3318 anceps
466 3236 597 3314 dicitur,
634 3236 725 3302 inane
754 3255 822 3298 esse
851 3257 1003 3313 nomen,
1026 3260 1127 3320 neque
1219 3304 1222 3316 ,

122 3341 227 3408 aDiis
250 3353 303 3404 aut
326 3339 481 3424 cognosci
502 3352 555 3402 aut
577 3339 682 3404 curari
705 3360 785 3422 quae
807 3339 862 3401 hic
874 3352 1023 3424 aguntur.
1050 3343 1127 3404 Hoc

123 3467 206 3510 vero
241 3467 311 3508 cum
343 3465 413 3508 csse
441 3463 504 3506 non
526 3443 645 3524 possit,
685 3442 808 3509 tollitur
836 3441 867 3506 id
896 3446 982 3526 quod
1009 3467 1125 3530 anceps

124 3549 252 3614 dieitur.
1014 3535 1016 3538 Ι

509 3717 511 3722 ,
589 3657 619 3728 §·
644 3652 676 3714 6·

187 3759 354 3822 Aduersus
388 3757 451 3819 hoe
469 3767 471 3772 “
486 3765 725 3839 argumentum,
772 3758 858 3838 quod
892 3755 1024 3822 diximus
1057 3779 1126 3852 epse

128 3861 252 3924 difficile
280 3871 479 3944 repugnatur,
518 3859 589 3922 ideo
613 3859 699 3940 quod
720 3858 901 3922 confirmari
923 3859 1066 3942 videatur
1086 3863 1127 3924 ah

128 3965 196 4048 ipsa
218 3983 324 4028 rernm
347 3960 517 4043 euidentia,
540 3962 590 4028 cui
605 3973 636 4024 et
650 3960 881 4044 uaticinantium
896 3963 1125 4052 praedictiones

113 4120 122 4170 l
