2728 4758
1058 371 1119 432 nlo

120 546 233 630 quibus
254 541 310 608 ubi
337 542 561 626 conceperint,
594 552 660 604 tum
676 527 838 617 ¹redeunt,
867 553 898 604 et
919 543 1115 636 necessario,

117 662 154 712 ut
179 649 253 712 lert
287 657 415 711 naturae
454 643 545 722 lex,
584 643 670 708 cirea
703 666 817 708 unum..
842 656 966 727 ternpus
1009 666 1118 709 omnes

118 763 221 835 partu·
239 749 466 828 exsolvuntur:
491 761 522 814 et
543 759 634 812 natos
661 746 785 830 quidem
814 746 875 814 sihi
897 769 998 812 mares
1016 768 1119 830 expo-

119 866 216 929 nunt,
240 853 319 916 filias
338 874 417 918 vcro
439 844 584 915 inducant.
630 850 709 916 Sunt
729 863 831 916 autem
845 852 1027 916 Amazones
1035 853 1120 918 ¹istae
1189 935 1190 940 η
1232 847 1241 862 ’

119 956 314 1032 bellatrices,
353 975 527 1040 magnaque
549 975 627 1018 eura
648 975 788 1036 corpora
809 967 970 1020 exercent.
1011 958 1123 1020 'Mer-

121 1060 227 1123 curius
249 1059 371 1123 Veneri
391 1056 584 1122 coniunctus
611 1057 645 1122 in
666 1046 822 1122 Mercurii
853 1059 1016 1123 domiciliis
1044 1060 1122 1124 facit

120 1161 252 1227 fictores
275 1173 307 1225 et
327 1161 467 1244 pictores
490 1173 521 1224 et
542 1160 715 1226 mensarios
729 1152 753 1236 ,“
777 1160 809 1224 in
831 1162 994 1228 domiciliis
1017 1177 1122 1228 autem
1224 1163 1227 1190 ¹

120 1264 261 1329 Veneris
282 1262 528 1349 unguentarios,
557 1265 758 1346 phonascus,
788 1263 972 1328 histriones.
1023 1269 1123 1350 Apud

124 1367 309 1431 Tanitastet
330 1368 507 1430 Saracenos
530 1379 561 1430 et
581 1367 613 1432 in
634 1366 799 1448 superiore
820 1367 944 1448 Libya,
979 1381 1010 1432 et
1040 1374 1124 1452 apud

123 1471 261 1534 Mauros
292 1471 505 1554 Numidasque
534 1470 625 1546 illos,
656 1469 710 1553 qui
737 1471 853 1534 fretum
877 1471 996 1535 Oceani
1029 1493 1125 1538 acco-

121 1574 202 1650 lunt,
227 1573 305 1638 etin
319 1585 406 1638 trans
428 1605 469 1616 -
492 1575 646 1637 Rhenana
662 1573 846 1650 Germania,
872 1586 902 1637 et
915 1574 947 1638 in
959 1576 1126 1658 superiore

121 1677 296 1753 Sarmatia,
330 1688 362 1738 et
382 1676 414 1739 in
438 1677 587 1757 Scythia,
623 1688 654 1740 et
676 1678 760 1759 apud
781 1699 889 1741 omnes
913 1690 1021 1764 gentes
1044 1701 1126 1763 quae

123 1779 247 1842 suntin
270 1778 572 1863 septentrionalibus
594 1763 713 1856 Ponti,
745 1792 778 1842 et
797 1780 829 1843 in
851 1781 936 1845 omni
957 1783 1071 1847 Alania
1094 1795 1128 1847 et

108 1883 284 1960 «Albania,
308 1896 339 1946 et
359 1884 517 1968 Odogena
538 1895 570 1946 et
585 1882 699 1946 Saunia
722 1894 753 1945 et
767 1883 877 1948 Aurea
898 1897 984 1950 terra
1006 1889 1130 1952 nullum

117 1999 173 2052 *est
196 1987 307 2050 videre
328 1987 533 2063 mensarium,
558 1997 611 2048 aut
631 1986 776 2049 fictorem
799 1999 852 2049 aut
872 1987 1049 2070 pictorem,
1070 1996 1129 2057 sed

125 2111 186 2154 nec
209 2089 432 2165 architectum,
456 2111 516 2152 nee
538 2109 733 2164 mensorem,
758 2111 817 2153 nee
837 2091 1043 2172 phonascum,
1067 2117 1129 2159 nee

126 2193 332 2266 histrionem
369 2195 425 2255 sed
455 2191 509 2254 illa
544 2191 671 2255 vivendi
698 2191 798 2269 ratio,
838 2216 917 2278 quae
945 2197 1128 2262 efficientiae
1202 2195 1203 2200 ’

126 2296 278 2360 tribuitur
293 2295 451 2358 Mercurii
473 2306 504 2358 et
519 2295 674 2371 Veneris,
699 2295 803 2360 deficit
825 2296 855 2360 in
877 2309 966 2364 tanto
987 2300 1043 2382 illo
1062 2313 1130 2364 ter-

128 2421 237 2462 rarum
265 2399 395 2462 ambitu.
440 2397 539 2461 Medi
560 2419 668 2461 omnes
691 2399 819 2462 canibus
848 2423 919 2465 eum
953 2425 1030 2472 eura
1051 2407 1128 2469 edu-

129 2503 205 2566 catis
233 2501 377 2566 homines
409 2499 616 2565 moribundos
648 2502 750 2566 adhuc
779 2502 934 2584 spirantes
964 2506 1128 2571 obiiciunt.

127 2609 175 2671 ·Et
202 2627 268 2670 non
297 2625 404 2669 omues
432 2616 578 2685 tempore
606 2604 709 2667 diurni
732 2617 821 2668 ortus
842 2605 891 2669 sui
912 2607 1053 2672 Martem
1073 2610 1130 2672 ha-

126 2713 230 2774 ·huere
256 2729 326 2771 cum
354 2709 483 2771 Venere
512 2709 621 2770 subter
648 2719 766 2771 terram
797 2707 829 2772 in
859 2703 978 2776 Cancri
1013 2711 1130 2776 sidere.
1227 2777 1228 2780 ,

40 2835 44 2838 ·
128 2816 211 2878 lude
232 2823 377 2876 mortuos
401 2822 558 2886 cremant,
596 2822 720 2872 etcum
745 2810 790 2874 eis
808 2812 952 2877 mulieres
974 2815 1006 2879 id
1030 2814 1134 2897 ipsum

128 2927 328 3000 appetentes:
385 2915 509 2996 Neque·
523 2907 627 2975 tannen
652 2933 760 2976 omnes
780 2912 851 2976 illae
873 2916 1018 2980 mulieres
1038 2919 1138 2984 Indae

129 3035 214 3104 'quae
253 3017 345 3080 vivae
377 3003 605 3080 comburuntur
635 3016 752 3078 habent
786 3013 931 3107 tempore
963 3031 1053 3084 ortus
1084 3023 1133 3086 sui

134 3122 243 3186 Solem
268 3142 338 3182 cum
364 3121 472 3182 Marte
499 3119 531 3181 in
552 3121 664 3181 Leone
694 3119 777 3182 intra
805 3119 890 3182 Solis
914 3120 1004 3185 lines.
1025 3155 1028 3162 ·
1048 3125 1135 3186 Ger-

133 3221 299 3290 manorum
314 3222 439 3304 plurimi
457 3220 588 3306 anginae
602 3223 685 3284 malo
706 3221 880 3300 intereunt,
905 3245 1007 3306 neque
1028 3237 1133 3290 tamen

130 3339 220 3391 tanta
242 3328 474 3388 Germanorum
493 3324 657 3388 multitudo
678 3326 803 3388 Lunam
825 3328 989 3390 ethoram
1012 3329 1136 3412 genitu·

130 3451 190 3494 rae
210 3429 328 3490 hahent
351 3426 583 3512 interceptasa
606 3428 742 3492 Saturno
768 3440 799 3489 et
817 3429 939 3492 Marte.
983 3431 1021 3493 In
1041 3433 1134 3519 *nulla

131 3554 200 3596 non
220 3543 331 3616 gente,
360 3529 393 3592 in
411 3529 580 3591 nullam0n
602 3528 669 3606 die,
703 3529 734 3592 in
755 3529 843 3593 nullo
864 3553 929 3594 non
950 3533 1024 3622 loco
1047 3535 1138 3617 genl-

134 3635 226 3700 tahili
257 3634 430 3718 gignuntur
457 3630 618 3704 homines;
651 3643 683 3694 et
718 3632 748 3694 in
778 3653 901 3717 quaque
934 3634 1027 3716 parte
1053 3637 1137 3720 regit

135 3737 280 3803 homines
302 3737 354 3798 lca
384 3745 420 3810 et¹
437 3736 631 3797 consuetudo
656 3748 791 3816 propter
821 3759 888 3800 eam
915 3759 1006 3821 ¹qnae
1031 3740 1139 3802 estin
1173 3726 1176 3731 ¹

136 3839 340 3913 hominihus,
374 3838 584 3900 libertatem.=·
619 3837 730 3918 Neque
760 3840 904 3921 genitrna
927 3827 1019 3907 seras
1050 3843 1139 3926 cogit

139 3943 281 4020 ndentes
303 3938 502 4004 homicidium
526 3938 749 4016 committere,
764 3952 816 4004 aut
828 3943 1039 4026 Brachmanae
1057 3943 1141 4009 vesci
