2804 4762
1100 408 1140 470 tt

130 590 163 644 ut
188 588 338 661 precetur
370 575 481 654 Deos,
517 587 551 640 ut
580 578 697 662 gratias
730 579 775 643 eis
805 593 899 666 agat,
939 592 974 645 ut
1004 581 1137 664 denique

130 694 204 767 agat
232 679 400 765 quiequam
429 679 558 757 e'orum,
597 703 677 764 quae
706 703 768 764 par
795 695 843 746 est
871 684 941 748 fieri
963 686 1002 746 ab
1025 683 1063 748 iis
1085 685 1139 768 qui

130 787 265 850 eredunt
294 783 327 848 in
355 794 514 867 potestate
539 805 608 848 esse
636 785 786 869 cuiusque
816 807 912 874 agere
945 808 1025 872 quae
1058 787 1137 872 agit.

131 891 203 954 lmn
225 886 292 955 sine
320 886 369 952 his
399 887 472 963 vita.
491 886 652 955 hominum
682 888 785 955 vitalis
813 911 877 956 uon
904 891 1013 968 foret,
1053 902 1137 956 certe

132 1014 196 1056 nou
218 993 365 1058 humana.

583 1201 684 1265 XXI.

197 1303 262 1370 Set
280 1303 447 1388 nequidem
468 1302 535 1372 sine
555 1303 697 1368 examine
717 1305 844 1370 transiri
865 1309 983 1384 debet,
1021 1307 1048 1372 si
1070 1309 1139 1391 quis

132 1421 232 1492 ponat
259 1405 357 1474 nihilo
384 1406 490 1472 verius
516 1427 585 1472 esse
610 1407 728 1492 aliquid
758 1409 791 1473 in
820 1421 931 1474 nostra
962 1422 1137 1493 potestate,

131 1512 213 1576 siettt
234 1531 295 1576 uos
316 1509 527 1588 adstruimus,
566 1523 598 1575 et
625 1511 695 1594 ipsa
720 1512 813 1578 no'bis
839 1525 1005 1578 attestatur
1033 1535 1140 1577 rerum

132 1619 265 1691 natura,
296 1636 390 1698 wem
412 1615 516 1680 omnia
538 1613 611 1678 Fati
631 1627 663 1678 et
687 1617 881 1680 necessitatis
898 1617 1035 1700 impulsu
1056 1615 1139 1693 lieri,

132 1721 188 1784 sed
216 1717 373 1784 utrumvis
398 1739 440 1780 ex
466 1739 569 1802 aequo
595 1739 663 1782 esse
686 1730 739 1782 aut
757 1731 878 1784 eertmn
902 1732 954 1784 aut
974 1719 1140 1796 incertum,

132 1834 236 1886 utram
256 1820 444 1884 sententiam
461 1820 640 1884 homiuibus
659 1821 844 1903 persuaderi
869 1822 909 1886 sit
928 1823 1024 1886 tutius
1037 1815 1057 1899 ,⁸
1071 1835 1103 1886 et
1125 1845 1142 1886 a

133 1923 278 2008 perieulo
292 1923 457 1999 remotius,
482 1935 513 1986 et
530 1936 602 1992 uter
623 1944 718 1988 error
735 1926 776 1988 sit
791 1925 1005 2002 tolerabilior,
1029 1945 1142 2009 nempe

125 2027 161 2098 ,si
178 2038 292 2094 cuneta
313 2027 396 2090 Fato
418 2026 515 2103 fiant,
544 2049 609 2090 non
634 2027 667 2090 id
692 2030 843 2104 credere,
883 2031 939 2092 sed
963 2028 1144 2092 existimare

129 2152 193 2196 uos
217 2131 335 2215 aliquid
357 2129 471 2214 agendi
499 2140 554 2192 aut
578 2149 643 2192 non
670 2129 784 2214 agendi
812 2151 881 2194 esse
906 2130 1069 2207 dominos,
1105 2152 1143 2194 an

129 2239 229 2312 iero,
258 2234 286 2297 si
307 2231 424 2315 aliquid
442 2230 482 2294 sit
497 2231 663 2314 potestatis
681 2246 822 2310 nostrae,
846 2245 881 2296 ut
901 2233 963 2296 iam
980 2254 1048 2296 esse
1064 2232 1145 2297 dixi·

136 2359 223 2415 mus,
248 2335 372 2418 opinari
394 2335 427 2398 id
448 2357 516 2399 esse
538 2334 670 2411 salsum,
704 2349 815 2400 eontra
833 2357 913 2402 vero
932 2345 1047 2402 ‘cuneta
1066 2357 1145 2420 quae

129 2441 215 2505 'liunt
239 2439 332 2502 etiam
364 2459 404 2502 ex
428 2451 540 2504 nostro
570 2438 742 2516 arbitratu,
781 2461 819 2503 ea
851 2439 1030 2504 necessario
1062 2439 1146 2502 fieri.

136 2545 254 2610 Nonne
283 2541 481 2608 manifestum
511 2562 567 2605 eos
589 2542 715 2625 quidem
744 2542 798 2626 qui
823 2543 897 2606 lieet
926 2554 1039 2606 cuneta
1063 2543 1147 2605 Fato

137 2649 236 2724 liant,
275 2648 404 2708 credant
434 2658 538 2708 tamen
570 2645 706 2729 aliquam
737 2667 770 2746 se
803 2647 921 2710 habere
951 2645 1064 2731 agendi
1095 2647 1148 2708 vel
1259 2708 1265 2726 ⁸

138 2773 205 2816 non
237 2747 352 2834 agendi
388 2743 598 2831 potestatem,
647 2749 735 2824 ,nillil
771 2750 813 2814 ob
853 2751 935 2812 haue
967 2747 1149 2832 opinionem

140 2855 225 2917 eirca
263 2873 317 2916 ros
344 2854 481 2937 agendas
513 2873 664 2934 peceare,
715 2851 787 2936 quia
833 2852 952 2915 scilieet
990 2873 1149 2935 nunquam

140 2956 271 3035 omnino
313 2954 431 3019 domini
469 2965 559 3018 eraut
603 2977 731 3018 suarum
762 2954 940 3029 actionum3
993 2977 1091 3040 quare
1124 2955 1152 3017 si

140 3060 211 3144 quis
237 3057 269 3121 in
299 3078 339 3121 eo
365 3057 429 3120 erit
448 3078 563 3132 error,
598 3056 636 3120 iis
664 3057 748 3119 intra
776 3060 875 3120 verba
897 3059 1059 3121 consistet.
1106 3059 1152 3122 At

134 3184 223 3232 ¹vero
242 3161 269 3226 si
286 3161 377 3224 aliter
390 3181 426 3224 se
450 3181 502 3227 res
520 3161 634 3236 habet,
659 3172 691 3223 et
710 3153 828 3244 aliquid
848 3173 894 3223 est
912 3170 1041 3224 nostrae
1057 3174 1151 3245 pote-

142 3265 251 3340 statis,
286 3281 353 3326 uee·
367 3273 479 3324 cuncta
499 3263 577 3326 fiant
596 3263 837 3339 inevitabiliter,
861 3276 893 3325 et
910 3286 968 3329 nos
990 3267 1153 3328 credamus
1264 3273 1272 3296 ”

142 3368 257 3433 nullius
280 3364 412 3430 aetionis
434 3386 494 3429 nos
512 3387 581 3428 esse
600 3357 768 3442 domitios,
800 3367 897 3430 multa
924 3369 966 3430 ob
984 3367 1017 3429 id
1037 3388 1153 3448 possu-

142 3493 212 3536 mus
235 3467 381 3560 omittere
404 3489 515 3531 eorum
538 3489 617 3551 quae
637 3469 708 3532 fieri
729 3449 900 3550 poterant,
926 3491 1069 3553 quaeque
1084 3469 1164 3541 lierix

135 3575 334 3659 oportebat,
368 3590 481 3654 nempe
509 3571 535 3634 si
561 3571 725 3635 consilium
752 3572 961 3654 cepissemus,
998 3585 1029 3635 et
1054 3574 1081 3636 si
1107 3574 1155 3636 la-.

65 3691 68 3707 ’
144 3683 242 3744 bores
271 3675 325 3758 qui
357 3677 396 3737 ad
423 3695 474 3738 res
505 3676 640 3760 agendas
673 3686 753 3738 su‘nt'
774 3676 963 3751 necessarii,
1001 3689 1156 3759 promptu

131 3777 391 3862 suscepissemus
413 3778 539 3854 animo,
565 3779 604 3839 ad
625 3798 706 3860 quae
727 3777 796 3841 istis
820 3778 921 3841 modis
944 3781 1066 3864 agenda
1087 3792 1154 3842 tar-

146 3885 260 3948 diores
276 3877 394 3946 seilicet
422 3903 480 3948 nos
508 3879 620 3944 iecerit
647 3880 706 3943 ista
730 3880 857 3963 opinio,
893 3882 1033 3945 futurum
1063 3881 1157 3951 etiam

145 3975 241 4054 nuliis
282 4003 348 4056 non
390 3983 569 4050 curantibus
611 3984 643 4050 id
679 3987 765 4075 quod
804 3985 876 4054 lteri
914 3997 980 4048 erat
1016 4005 1158 4056 necesse,
