2758 4760
237 408 277 474 96

237 576 396 664 ἐσομένων
417 575 490 663 περὶ
511 558 556 638 ὧν
576 569 774 658 προλέγουσι
795 569 848 648 ¹³).
891 557 1064 634 Καθόλου
1089 566 1125 630 δὲ
1147 564 1250 651 ἒιμὶν

239 674 349 746 πάντα
377 680 446 754 τοῖς
468 677 566 751 θεοῖς
597 666 722 739 δυνατά
745 669 790 751 ¹⁴)
820 691 926 763 (μασιν
954 670 1054 748 δῖναι,
1090 665 1184 734 ἔσται
1213 668 1249 732 δὲ

237 787 293 848 καὶ
313 777 357 846 τά
377 772 527 845 άδόυατα
549 773 680 851 ἐκείνοις
702 769 845 852 δυνατά,
885 767 923 839 οὐ
945 768 1011 852 μὴν
1032 764 1249 857 δειχθήσεται

237 881 295 951 διὰ
316 883 373 964 τῆς
394 881 519 948 ἐκείνων
539 882 613 968 περὶ
642 877 707 942 τῶν
733 870 917 962 μελλόντων
945 867 1174 965 προγνώσεως,
1210 866 1250 938 τό

236 982 345 1055 πάντα
367 984 400 1065 ἐξ
420 976 565 1068 ἀνάγκης
586 976 631 1045 τά
650 974 807 1065 γινόμενα
827 977 996 1064 γίνεσθαι.
1034 970 1091 1042 'Ec
1114 977 1149 1041 δὲ
1172 999 1251 1064 συγ-
1299 1023 1301 1027 ,

234 1088 378 1180 χωροῦσι
410 1082 452 1152 τά
485 1080 635 1150 άδόνατα
671 1086 727 1148 καὶ
756 1085 827 1159 τοῖς
854 1083 953 1158 θεοῖς
980 1081 1064 1146 ε’ῖναι
1092 1080 1234 1146 τοιαῦτα
1241 1127 1250 1160 ,

236 1191 368 1282 πρῶτον
399 1195 460 1277 μὲν
489 1182 611 1264 άυτοός
638 1181 703 1276 χρὴ
734 1185 899 1252 δεικνῦυαι
917 1178 1064 1280 δυνατὴν
1085 1183 1170 1250 εῖναι
1190 1177 1251 1263 τὴν

239 1289 369 1360 τοιάνδε
390 1285 597 1383 πρόγνωσιν,
620 1284 686 1356 εἰθ’
712 1282 817 1364 όότως
841 1283 944 1368 άυτὴν
965 1281 1167 1353 ἀνατιθέναι
1181 1289 1253 1362 τοῖς

236 1401 346 1475 θεοῖς.
406 1392 488 1462 Οὔτε
517 1389 582 1484 γάρ
612 1393 745 1482 ἐναργὲς
774 1385 852 1456 οὐθ’
883 1385 949 1456 ὑπὸ
979 1390 1043 1456 τῶν
1073 1390 1252 1475 γινομένων

238 1493 502 1587 ὁμολογούμενον
537 1488 576 1562 τό
614 1489 738 1574 ταύτην
773 1489 833 1574 τὴν
865 1497 939 1582 περὶ
970 1491 1035 1557 τῶν
1066 1485 1252 1577 μελλόντων

236 1597 421 1693 πρόγνωσιν
441 1601 619 1665 ποιεῖσθαι
640 1593 718 1673 τοὺς
737 1591 856 1673 θεούς.
885 1589 1001 1682 Ἡμεῖς
1021 1601 1082 1682 μὲν
1104 1589 1162 1661 ὀῦν
1177 1588 1252 1662 όότε

237 1700 435 1794 άναιροῦμεν
455 1697 632 1788 μαντικὴν,
660 1694 744 1766 όότε
767 1695 826 1780 τὴν
846 1692 1032 1788 πρόγνωσιν
1053 1698 1118 1764 τῶν
1139 1698 1252 1764 θεῶν,

238 1802 281 1885 ὡς
316 1805 380 1893 ἐγω
412 1800 543 1898 (μύσεως
570 1799 613 1870 τά
644 1796 844 1892 πράγματα,
883 1795 987 1883 ὁότως
1023 1794 1145 1880 άυτοός
1177 1805 1251 1890 περὶ

223 1906 345 1998 ,άυτῶν
366 1910 536 2001 προλέγειν
557 1909 715 1992 λέγοντες.

301 2317 391 2390 Ἀλλ’
426 2316 502 2388 οὐδὲ
530 2315 777 2414 άφαιροόμεθα
807 2323 871 2389 τῶν
899 2314 1089 2413 ἀνθρώπων
1116 2316 1155 2387 τὸ
1184 2316 1254 2389 άπὸ

238 2426 398 2514 μαντικῆς
415 2419 599 2516 χρήσιμον,
622 2418 641 2489 ό
663 2424 788 2510 γίνεται
810 2426 837 2506 ¹)
860 2425 906 2516 τῷ
920 2419 1092 2492 δύνασθαί
1109 2449 1183 2491 τινα
1197 2432 1255 2491 καὶ

241 2522 466 2622 φυλάξασθαί
493 2553 528 2594 τι
554 2524 600 2615 μὴ
630 2515 863 2620 φυλαξάμενον
888 2523 947 2606 ἂν,
976 2525 1021 2616 μὴ
1049 2523 1254 2617 συμβουλεύ-

242 2655 366 2709 σαντος
387 2632 446 2698 τοῦ
467 2631 565 2697 θεοῦ.
604 2624 655 2697 ‘Oc
685 2633 721 2697 δὲ
750 2626 925 2719 ὑμνοῦντες
952 2630 985 2712 ²)
1013 2627 1072 2712 τὴν
1093 2628 1256 2719 μαντικὴν

240 2741 296 2802 καὶ
324 2728 412 2799 κατά
443 2729 502 2799 τὸν
532 2726 640 2800 άυτῶν
667 2727 768 2819 λόγον
788 2730 892 2822 μόνον
914 2729 1086 2815 σώζεσθαι
1107 2737 1254 2820 λέγοντες

240 2833 345 2918 ἀυτὴν
356 2885 366 2918 ,
398 2830 579 2930 καὶταύτῃ
601 2837 708 2904 πίστει
730 2841 758 2917 ³)
780 2839 839 2903 τοῦ
860 2831 971 2904 πάντα
993 2833 1075 2904 καθ’
1099 2839 1253 2928 εἰμαρμέ·

240 2964 299 3022 νην
319 2939 479 3026 γίνεσθαι
499 2934 678 3030 χρώμενοι,
699 2937 783 3029 πρὸς
806 2941 851 3031 τῷ
871 2943 973 3028 μηδὲν
994 2937 1124 3022 ἀληθές
1139 2945 1253 3027 λέγειν,

240 3045 371 3133 προςέτι
393 3048 449 3109 καὶ
470 3036 581 3132 ἄτοπά
602 3067 678 3110 τινα
698 3049 755 3110 καὶ
771 3037 931 3134 ἀλλότρια
955 3039 1148 3110 παντάπασι
1162 3045 1254 3110 θεῶν

241 3149 314 3236 περὶ
336 3139 444 3214 άυτῶυ
475 3147 533 3225 δε)
569 3147 714 3242 τολμῶσι
736 3149 848 3232 λέγειν.
869 3148 949 3224 Πῶς
970 3144 1037 3237 πάρ
1061 3143 1119 3214 οόκ
1142 3143 1256 3214 ι’ῖτοπα

240 3244 284 3314 τά
303 3252 376 3338 περὶ
398 3242 506 3316 άυτῶν
527 3242 578 3314 ὑπ’
603 3244 710 3316 ἆοτιῖιν
733 3243 914 3336 λεγόμενος
933 3245 1165 3341 Ἀποροόντων
1186 3244 1253 3340 γάρ

242 3373 338 3418 τινων
359 3347 443 3441 πρός
464 3346 602 3431 ἆυτοὺς,
624 3351 656 3418 τί
677 3346 717 3433 δή
738 3376 835 3435 ποτε,
857 3355 887 3420 ἐι
906 3349 1017 3422 πάντα
1039 3349 1082 3419 τά
1096 3347 1253 3441 γινόμενα

160 3471 162 3476 “
244 3453 278 3536 ἐξ
297 3447 442 3540 ἀνάγκης
462 3454 609 3540 γίνεται,
642 3457 678 3520 αἱ
705 3451 798 3544 παρά
819 3459 882 3523 τῶν
910 3458 1002 3524 θεῶν
1021 3461 1174 3544 μαντεῖαι
1193 3463 1255 3544 μὲν

241 3557 388 3642 γίνονται
403 3559 608 3644 συμβουλαῖς
629 3559 779 3638 ἐοικυῖαι,
802 3555 845 3637 ὡς
859 3562 1045 3647 δυναμένων
1060 3555 1099 3626 δι’
1116 3554 1253 3640 άῆκου»

243 3682 306 3726 σαν
328 3654 357 3739 4)
379 3664 434 3726 καλ
456 3653 679 3749 φυλάξασθαί
702 3686 734 3728 τι
755 3668 812 3728 καὶ
832 3663 972 3730 ποιῖισαι
1001 3664 1064 3730 τῶν
1088 3658 1253 3730 ἄκουσάν-

242 3785 323 3840 τωυ,
344 3767 401 3828 καὶ
421 3757 462 3842 δὴ
484 3767 539 3828 καὶ
560 3757 618 3830 τόν
639 3764 685 3854 τῷ
706 3767 805 3858 Λαίῳ
827 3767 975 3833 δοθέντα
994 3762 1143 3856 χρησμὸν
1164 3791 1251 3856 παρ·

241 3865 399 3953 εχομὲνων
427 3867 475 3944 ⁵),
509 3861 549 3934 δι’
581 3859 601 3932 δ
633 3869 717 3952 λέγει
745 3864 829 3958 πρὸς
851 3864 954 3942 όυτὸν
978 3864 995 3936 ὀ
1017 3864 1158 3947 Πύθιος
1179 3874 1252 3955 περὶ

243 3967 303 4037 τοῦ
322 3962 369 4053 μὴ
391 3967 458 4064 δεῖν
477 3970 757 4042 παιδοποιεῖσθαι
794 4029 796 4034 .
