2758 4760
287 409 347 471 110

285 567 366 640 καθ’
392 573 602 660 ἐιμαρμένην,
638 564 681 646 ὡς
708 569 880 634 δέδεικται.
926 561 973 632 Τὸ
1000 567 1185 632 τελευταῖον
1210 559 1297 658 ἄρα,

285 670 306 742 ὃ
326 671 451 742 ἄτοπον
472 678 527 740 καί
549 666 729 750 ἀδύνατον,
752 665 941 761 ἀναιρετέον
962 666 1027 748 ²⁷),
1057 664 1095 734 τὸ
1116 662 1225 736 πάντα
1246 668 1297 754 γί-

283 782 409 846 νεσθαι
430 771 511 844 καθ’
536 776 747 866 ἐιμαρμένην,
770 763 797 866 ᾧ
819 767 917 839 τοῦθ’
941 771 1046 838 έίπετο
1068 771 1126 852 98).

337 979 479 1068 Ἴδωμεν
500 985 536 1049 δὲ
558 986 614 1048 καὶ
635 982 687 1048 ἐπὶ
707 975 814 1070 τούτῳ
836 973 936 1064 λόγον
956 974 1177 1068 ἦρωτημένον,
1200 980 1229 1046 ἐι
1249 978 1297 1067 μὴ
1320 1027 1322 1032 -

281 1083 342 1164 τὰς
360 1080 478 1174 ὁμοίας
504 1080 651 1171 ἇνσίγκας
675 1084 754 1172 ἔχει·
791 1085 876 1169 λέγει
897 1084 933 1150 δέ
953 1077 1066 1159 ὁύτως.
1113 1076 1160 1148 Οὐ
1185 1076 1298 1150 πάντα

280 1196 341 1278 μὲν
362 1189 432 1256 ἐστι
456 1184 537 1255 καθ’
566 1190 778 1276 ἑιμαρμένην,
815 1180 875 1252 οὐκ
899 1183 1026 1252 ἔστιδὲ
1051 1177 1218 1264 ἀκώλυτος
1239 1191 1299 1252 καὶ

280 1286 570 1383 ἀπαρεμπόδιστος
601 1286 622 1372 ἡ
655 1290 714 1356 τοῦ
746 1284 873 1376 κόσμον
902 1288 1082 1370 διοίκησις,
1118 1283 1194 1355 οὐδὲ
1223 1287 1297 1356 ἐστι

279 1403 340 1483 μὲν
356 1396 474 1475 τοῦτο,
503 1389 562 1460 οὐκ
583 1392 653 1459 ἔστι
673 1395 711 1458 δὲ
730 1387 871 1478 κόσμος·
894 1387 970 1457 οὐδὲ
989 1390 1059 1458 ἐστι
1076 1397 1137 1478 μέν
1158 1385 1295 1477 κόσμος,

279 1494 340 1564 οὐκ
366 1499 426 1565 ἐισί
452 1499 487 1562 δέ
515 1495 614 1562 θεοί·
656 1496 684 1560 ἐι
715 1496 752 1560 δέ
776 1495 840 1560 ἐισι
863 1498 944 1560 θεοί
957 1544 965 1574 ,
1002 1493 1083 1560 ἐισίν
1105 1489 1238 1579 ἀγαθοὶ
1263 1497 1323 1561 οῖ’

279 1600 375 1666 θεοί·
398 1595 467 1665 ἀλλ’
484 1599 513 1665 ἐι
525 1597 641 1678 τοῦτο,
656 1599 743 1664 ἐστὶν
754 1591 873 1686 ἀρετή·
899 1591 969 1663 ἀλλ’
983 1597 1012 1662 ἐι
1023 1599 1111 1664 ἐστιν
1125 1593 1223 1688 ἁρετὴ
1250 1597 1298 1679 ¹),

277 1701 351 1769 ἔστι
373 1696 556 1794 φρόνησις·
578 1696 647 1766 ἀλλ’
671 1702 700 1767 ἐι
716 1700 833 1780 τοῦτο,
865 1699 955 1768 ἔστιν
975 1693 995 1780 ἡ
1015 1694 1177 1786 ἐπιστήμη
1197 1725 1295 1781 ποιη-

277 1806 359 1870 τέων
383 1828 417 1870 τε
442 1808 498 1869 καί
527 1798 566 1869 οὐ
592 1807 767 1885 ποιητέων·
799 1797 887 1870 ἀλλὰ
909 1806 1049 1884 ποιητέα
1072 1806 1132 1890 μέν
1157 1805 1227 1870 ἐστι
1251 1800 1297 1870 τὰ

278 1901 549 1998 κατορθώματα,
586 1902 625 1973 οὐ
652 1909 793 1987 ποιητέα
817 1907 852 1972 δέ
881 1901 925 1972 τὰ
949 1900 1196 1997 ἁμαρτήματα,
1233 1903 1296 1973 οὐκ

276 2006 345 2100 ἄρα
372 2010 439 2076 πᾶν
465 2017 525 2096 μὲν
552 2009 676 2095 γίνεται
707 2004 790 2076 καθ’
817 2011 1027 2099 έιμαρμένην,
1069 2004 1129 2076 οὐκ
1157 2007 1228 2077 ἐστι
1257 2012 1294 2078 δὲ

275 2107 459 2204 ἁμάρτημα
477 2117 533 2180 καὶ
554 2108 779 2203 κατόρθωμα·
802 2108 889 2178 σἰλλόι
903 2101 947 2178 τὰ
958 2119 1019 2199 μέν
1037 2107 1295 2202 κατορθώματα

275 2211 383 2296 καλδι,
419 2211 463 2281 τίι
483 2217 519 2282 δέ
540 2208 766 2305 ἁμαρτήματα
795 2210 939 2304 ἆισχρίι,
970 2208 1094 2281 καὶτὰ
1118 2209 1183 2302 μέν’
1204 2213 1294 2282 καλὰ

276 2313 447 2406 ἐπαινετὰ,
471 2313 513 2382 τὰ
530 2320 566 2382 δέ
588 2313 676 2383 κακὰ
688 2313 808 2410 ψεκτά.
855 2314 922 2384 Οὐκ
944 2314 1011 2408 σ’ίρα
1032 2313 1141 2385 πσίντα
1155 2322 1215 2407 μέν
1231 2322 1294 2388 ἐισι

274 2415 358 2486 καθ’
376 2421 582 2510 ἐιμαρμέτην,
602 2414 662 2485 οὐκ
684 2418 806 2486 ἔστιδὲ
825 2417 978 2497 ἐπαινετὰ
999 2424 1054 2488 καὶ
1070 2417 1198 2514 ψεκτὰ,
1220 2418 1291 2490 ἀλλ’

272 2525 304 2589 ἐι
331 2522 453 2604 τοῦτο,
489 2517 549 2588 ὀίκ
574 2523 656 2589 ἐισιν
689 2521 817 2590 ἔπαινοι
842 2530 897 2591 καὶ
922 2518 1045 2617 ψόγοι·
1082 2519 1151 2591 ἀλλ’
1182 2520 1207 2592 δί
1232 2533 1294 2614 μὲν

274 2627 486 2713 ἐπαινοῦμεν,
509 2626 666 2712 τιμῶμεν,
688 2619 711 2690 δί
733 2627 768 2692 δὲ
790 2629 954 2718 ψέγομεν,
977 2622 1172 2716 κολάζομεν,
1194 2623 1292 2696 καὶὸ

272 2736 334 2815 μέν
348 2729 448 2816 τιμῶν
461 2728 620 2818 γεραίρει,
644 2722 663 2793 ὁ
682 2731 718 2795 δὲ
737 2724 882 2810 κολάζων
896 2732 1093 2821 ἐπανορθοῖ.
1141 2726 1209 2798 Οὐκ
1224 2729 1292 2825 ἄρα

273 2826 383 2898 πιίντα
413 2838 474 2919 μέν
497 2831 621 2917 γίνεται
649 2827 730 2898 καθ’
762 2833 973 2922 ἐιμαρμένην,
1008 2828 1068 2899 οὐκ
1090 2832 1217 2902 ἔστιδὲ
1239 2861 1292 2923 γε-

272 2933 400 3025 ραίρειν
424 2939 480 3000 καὶ
511 2934 734 3025 ἐπανορθοῦν.
777 2937 849 3001 Καὶ
871 2930 970 3013 ὁῦτος
991 2933 1031 3018 δὴ
1055 2931 1073 3002 ὁ
1099 2931 1200 3024 λόγος
1223 2935 1303 3006 ἀντί’

273 3037 331 3120 τῆς
349 3032 451 3119 σίντῆς
471 3037 682 3129 παλαίστρας
703 3034 747 3104 ὢν
768 3038 868 3119 δῆλον
886 3021 932 3116 ίδς
958 3034 1016 3105 διίι
1034 3041 1098 3107 τῶν
1120 3037 1228 3109 σίντιῗιν
1251 3039 1292 3109 ίίν

272 3137 400 3235 ψευδὴς
422 3135 465 3207 ὢν
487 3143 661 3228 ἐλέγχοιτο.
704 3142 845 3232 Πρῶτον
859 3147 919 3228 μέν
936 3137 1000 3233 γὰρ
1018 3143 1067 3220 τίς
1085 3139 1290 3235 συγχωρήσει

271 3244 451 3335 προχείρως
479 3239 533 3309 τὸ·
571 3237 610 3309 οὐ
639 3238 748 3310 πάντα
778 3246 838 3329 μέν
866 3246 937 3312 ἐστι
963 3241 1045 3311 καθ’
1073 3247 1289 3338 ἐιμαρμὲνην,

270 3342 330 3413 οὐκ
345 3347 415 3414 ἔστι
435 3348 471 3413 δὲ
494 3340 662 3424 ἀκώλυτος
676 3350 732 3412 καὶ
747 3341 1037 3436 σἰπὰρεμπόδιστος
1055 3342 1075 3414 τί
1090 3351 1150 3417 τοῦ
1161 3345 1289 3438 κόσμον

269 3449 447 3531 διοίκησις,
481 3449 514 3517 ἐν
538 3450 585 3542 τῷ
605 3448 765 3535 γίνεσθαι
795 3445 917 3538 τὰμὲν
938 3446 1155 3537 ἐξάνάγκης,
1188 3451 1233 3520 τὰ
1254 3456 1289 3520 δὲ

247 3554 497 3652 Ιένδιχομένως,
521 3558 576 3619 καὶ
593 3547 718 3619 τούτων
734 3547 776 3618 τὰ
793 3559 854 3642 μὲν
875 3549 1081 3646 κατὰφύσιν
1103 3557 1148 3637 ³),
1185 3553 1230 3622 τὰ
1251 3559 1287 3623 δὲ

267 3651 355 3720 κατίι
381 3654 572 3746 προαίρεσίν
596 3679 630 3721 τι
655 3660 711 3724 καὶ
731 3651 849 3741 λόγον,
871 3651 914 3722 τὰ
936 3659 972 3723 δέ
994 3652 1076 3724 καθ’
1098 3652 1224 3746 ὁρμὴν,
1245 3651 1288 3726 τίι

271 3759 306 3823 δὲ
328 3752 394 3823 σίπὸ
416 3752 515 3844 τύχης
533 3761 590 3823 καὶ
610 3752 826 3846 ἆντσμιίτως·
849 3752 1035 3850 σίναιρεῐται
1056 3763 1092 3827 δὲ
1109 3756 1222 3828 πσίντα
1244 3757 1287 3830 τὰ

266 3855 352 3926 ἆοτδι
381 3861 441 3939 5ε)
477 3853 541 3926 ὑπὸ
572 3861 632 3942 τῆς
666 3861 879 3952 ἱιμαρμένης,
927 3857 987 3929 οὐκ
1014 3858 1082 3951 ίίρα
1106 3859 1283 3952 ἀνεμπόδι-

268 3987 347 4040 στος
365 3954 395 4043 4)
413 3957 488 4029 ὀύδε
502 3958 670 4042 ἀκώλυτος
691 3959 712 4045 ἡ
735 3965 794 4030 τοῦ
812 3958 939 4051 κόσμον
957 3965 1118 4048 διοίκησις
1133 3970 1226 4054 μένοι
1245 3969 1284 4048 ⁵).
