2774 4756
270 415 330 478 802

291 587 325 664 (ν)
353 587 393 654 ἐν
414 589 503 662 τοῖς
523 582 700 677 φυτοῖς]
736 583 784 648 Ita
808 580 950 646 Ceselius
972 581 1065 646 bene.
1090 579 1217 646 caeteri
1238 581 1270 647 ἐκ

354 691 424 766 τοῖς
445 691 572 779 φυτοῖς.

294 792 328 871 7)
356 789 646 881 ξηρανθέντα]
669 786 722 852 sie
744 788 853 852 Havn.
870 787 999 869 optime,
1023 785 1269 870 sequentibusin

356 893 553 958 versionibus
576 890 640 956 suis
662 891 820 978 Bagolino
843 901 875 954 et
897 889 1027 954 GrotiO.
1065 891 1151 954 End.
1180 885 1271 979 ineat.

355 999 395 1064 In
426 1019 516 1080 seqq.
550 994 621 1059 dedi
652 996 716 1062 τῶν
743 988 827 1080 μετὰ
854 993 959 1060 ταῦτα
987 1014 1029 1058 ex
1057 993 1272 1060 emendatione

356 1100 473 1166 Caselii
493 1121 554 1183 pro
578 1099 635 1179 τῆς
654 1095 737 1188 μετὰ
759 1097 873 1165 ταῦτα.
917 1098 990 1178 (0.)

292 1206 326 1283 ε)
354 1198 425 1285 την
447 1189 568 1299 τίνοι
596 1195 764 1294 qenins
792 1194 1079 1288 ειειμόιηια]
1113 1201 1166 1266 stc
1194 1200 1274 1265 eun

357 1329 397 1371 ex
419 1309 528 1371 Havn.
550 1305 686 1369 Aldinae
708 1316 740 1367 et
761 1302 868 1369 Casei.
897 1299 957 1385 τὴν
985 1306 1049 1371 τῶν
1073 1298 1207 1400 φύλλων
1228 1308 1275 1376 ὃ).

358 1406 537 1497 ὂυμότητα.
569 1411 679 1473 Lond.
703 1407 817 1472 omittit
839 1401 907 1489 τὴν.
949 1408 1022 1488 (Ο.)

293 1517 327 1596 9)
353 1511 399 1580 τὸ
420 1506 448 1587 δ’
471 1507 621 1598 ὁμόσε]
645 1511 695 1575 Ita
714 1509 868 1576 Caeeliue.
892 1505 1079 1576 caeterive
1101 1506 1142 1591 δὴ
1164 1505 1275 1599 ὁμόσε.

274 1621 328 1700 to)
350 1621 416 1686 ἐπὶ
435 1614 481 1684 τὸ
509 1611 664 1696 ἄδηλον
686 1615 816 1695 ἐῑναι]
847 1612 900 1680 Sie
921 1615 1050 1691 Have,
1073 1614 1167 1682 hene·
1189 1616 1274 1678 Edd.

358 1723 409 1788 ἐπὶ
430 1720 475 1812 τῷ
495 1715 618 1800 ίίδηίον
639 1719 732 1786 ἐῑναι.
1345 1695 1354 1718 ’

276 1826 329 1907 11)
358 1825 471 1901 τίνος
499 1817 637 1904 οίίτια]
682 1821 736 1886 Sic
755 1819 869 1885 iterum
891 1821 1001 1887 Havn.
1030 1817 1159 1903 Reliqui
1188 1817 1276 1898 τινὸς

357 1952 459 1996 αιτια.

277 2031 332 2115 12)
359 2023 490 2117 ὥςπερ
512 2024 657 2116 ἀμέλει
677 2025 767 2106 καὶ]
803 2032 858 2095 καὶ
879 2029 1062 2096 nonhabet
1083 2026 1192 2096 Casei.

673 2209 720 2250 CA
729 2209 759 2249 P·
782 2210 876 2251 XXIV·

299 2331 331 2411 ί)
360 2324 627 2412 ἢοίνοιιτίως]
664 2324 686 2409 τ’)
707 2327 809 2392 addidi
836 2349 906 2392 eum
930 2327 1158 2397 Schulthessio.
1204 2333 1277 2418 (Ο.)

362 2432 435 2498 Sine
457 2431 654 2496 necessitate.
699 2433 759 2496 Est
781 2431 862 2496 enim
884 2436 995 2498 medus
1017 2435 1070 2500 ille
1091 2436 1277 2502 Aristoteli-

361 2558 416 2600 cus
438 2521 560 2624 ἆρα-ί)
581 2555 674 2618 quem
694 2534 743 2598 bis
765 2534 826 2598 iam
847 2535 949 2622 tetigi.
993 2540 1112 2624 (Uasp.
1131 2540 1275 2617 Θυρίων

298 2642 332 2724 2)
361 2640 408 2721 τῆ
417 2666 433 2718 ς
460 2633 667 2716 ἁλύσεως]
701 2638 754 2701 Sie
775 2661 845 2702 cum
869 2640 985 2706 Grotio
1008 2653 1040 2706 et
1062 2642 1278 2708 Schuithessie

172 2731 178 2746 ⁸
360 2744 529 2828 legendum
551 2761 619 2804 esse
649 2743 765 2806 docent
792 2744 892 2806 verba
919 2746 1135 2827 praecedentis
1167 2747 1277 2830 capitis

361 2847 408 2937 τῷ
430 2844 522 2926 δίκην
542 2838 686 2921 ἁλύσεως
707 2846 941 2936 συνηρτῆσθαι
969 2853 1040 2927 τοῖς
1066 2843 1210 2939 πρώτοις
1239 2843 1282 2915 τοί

245 2983 252 3042 ρ
362 2944 507 3038 δεύτερα.
536 2949 619 3012 Edd.
644 2948 702 3029 τῆς
722 2943 919 3031 ἀναλύσεως,
941 2956 1029 3035 quod
1049 2953 1191 3037 sequitur
1215 2955 1278 3018 Ba-

363 3051 488 3139 golinus
512 3063 658 3115 vertens:
695 3072 775 3116 eum
800 3056 1022 3138 quieverimus
1046 3077 1071 3118 a
1093 3077 1281 3124 causarum

365 3157 581 3225 resolutione·
624 3155 699 3236 (0.)
1138 3235 1144 3246 .

289 3263 335 3343 ’8)
365 3257 408 3326 τὸ
441 3254 598 3337 οίιτίοις
626 3264 738 3326 τισίν
759 3255 935 3349 ὄφειλον
955 3257 1184 3346 γίνεσθαι]
1230 3259 1283 3326 Sic

365 3362 447 3427 edidi
462 3384 531 3426 cum
543 3363 652 3426 Lond.
667 3357 707 3427 τὸ
721 3355 839 3440 οίιτίοις
852 3366 938 3432 τιοὶν
958 3357 1102 3457 ὀφείλειν
1111 3363 1283 3451 «γίνεσθαι

364 3467 472 3532 Havn.
496 3465 629 3530 Aldinae
651 3476 683 3529 et
701 3463 808 3530 Casel.

302 3574 336 3652 t)
365 3571 514 3655 κυρίας
549 3570 749 3656 ζητῶμεν]
799 3568 933 3634 Aldinae
975 3567 1093 3661 κυρίως
1127 3571 1285 3658 ζητῶμεν.

366 3674 466 3737 Male.
633 3735 638 3742 .

304 3781 337 3858 5)
366 3771 537 3864 μὲνγὰρ
560 3769 919 3867 ὁΣωφρονίυιιος]
940 3776 1283 3864 μὶνεᾶᾶίᾶίεκΗενν.

368 3879 603 3962 Sophronisens
615 3879 755 3944 Socratis
769 3892 871 3963 pater,
886 3884 972 3965 quod
985 3881 1191 3947 notissimum.
1205 3882 1283 3962 (0.)

305 3983 362 4064 ba)
384 3979 454 4050 τὸν
477 3984 697 4069 θεμέλιον]
719 3983 789 4050 seila
811 3985 922 4054 λίθον.
944 3984 1069 4052 Dicitur
1091 3985 1182 4052 etiatu
1204 3988 1305 4050 sub··
