2758 4760
263 462 324 528 168

241 628 389 714 σκευήν.
444 631 590 698 Τοιαῦτα
617 626 729 696 τῶνὲν
750 632 869 715 γενέσει
895 635 950 697 καὶ
971 631 1095 724 φθορᾷ
1120 637 1268 718 πλεῖστα,
1305 625 1309 632 ’

263 731 312 815 ύῖς
331 732 377 825 μή
397 737 465 802 ἐστι
483 728 632 824 θάτερον
653 733 716 798 τῶν
736 727 962 820 ἀντικειμένων
983 727 1172 824 σύμφυτον·
1194 739 1270 804 ἕκαι

261 865 340 907 στον
358 836 422 929 γάρ
448 833 555 904 ἀυτῶν
577 829 648 902 ύῖάν
668 859 703 900 τε
721 829 765 900 τά
782 829 983 921 ἀντικείμενα
1004 831 1141 924 πάσχειν
1156 864 1192 906 τε
1213 845 1271 908 καὶ

259 938 322 1030 μή,
345 942 443 1008 τούτο
463 941 624 1026 ἐνδέχεται
643 941 770 1004 παθεῖν
789 935 838 1018 ²⁸)
857 961 892 1004 τε
914 943 969 1004 καὶ
989 933 1035 1024 μὴ
1055 944 1192 1011 παθεῖν.
1226 936 1271 1010 Ὃ
1352 1021 1354 1026 .

259 1049 294 1112 δὲ
323 1045 483 1131 ἐνδέχεται
509 1035 728 1130 μεταβάλλειν
757 1041 803 1119 ἒις
827 1035 1127 1128 τὸάντικείμενον,
1169 1047 1272 1113 τοῦτο

259 1144 318 1215 οὐκ
346 1147 434 1214 ἔστιν
465 1145 499 1226 ἐξ
529 1138 689 1230 ἀνάγκης,
733 1145 766 1211 ἐν
794 1132 820 1235 6
853 1138 1000 1237 φθάσαν
1033 1147 1121 1214 ἐστὶν
1152 1143 1271 1218 ἀυτῶν.

258 1250 443 1332 Συνίστησι
471 1251 507 1315 δὲ
532 1243 571 1314 τὸ
592 1243 660 1372 μη
666 1241 775 1314 πάντα
803 1245 836 1327 ἐξ
855 1241 999 1334 ἀνάγκης
1017 1247 1198 1335 γίγνεσθαι
1225 1247 1271 1317 τά

256 1347 453 1472 γιγνύμενοι,
486 1345 525 1418 τό
554 1374 587 1416 τε
610 1344 660 1442 ἐφ’
684 1345 777 1436 ἡμῖν,
810 1343 853 1427 ὡς
874 1349 1020 1441 ἔφαμεν,
1056 1348 1157 1435 καὶὴ
1188 1348 1270 1442 τύχη

256 1451 350 1536 ἱκανὴ
373 1448 539 1547 διακόψαι
563 1449 623 1533 τὴν
646 1456 814 1539 συνέχειαν
838 1452 902 1519 τάν
923 1455 957 1521 ἐν
973 1450 1062 1535 τάξει
1079 1461 1144 1523 τινλ
1163 1457 1271 1544 γίγνε-

256 1564 346 1626 σθαι
374 1551 566 1624 δοκούντων.
605 1549 654 1620 'Et
676 1556 712 1620 δὲ
734 1550 890 1621 ούδὲέν
851 1562 911 1642 μὲν
933 1544 1034 1637 ἧττον
1058 1559 1190 1651 ἐναργὲς
1211 1561 1271 1641 τῆς

255 1663 449 1753 εἰμαρμὲνης
469 1654 508 1724 τὸ
529 1657 612 1724 ε’ῖναί
632 1681 665 1722 τι
688 1652 736 1749 ἐφ
759 1653 854 1747 ἡμῖν,
875 1663 932 1726 καὶ
953 1654 992 1726 τὸ
1014 1661 1271 1747 γίγνεσθαικαὶ

255 1759 321 1830 ἀπὸ
340 1759 437 1850 τύχης
450 1756 559 1828 πολλά
575 1766 630 1826 καὶ
647 1755 714 1826 ἀπὸ
731 1755 952 1849 τάυτομάτου,
974 1768 1030 1830 καὶ
1049 1755 1133 1842 ὅλως
1150 1767 1184 1833 ἐν
1199 1771 1271 1845 τοῖς

254 1870 287 1934 ἐν
306 1869 445 1952 γενέσει,
466 1866 500 1931 ἐν
522 1858 572 1941 ὁῖς
590 1864 732 1930 ἐστικαὶ
754 1859 775 1945 6
798 1865 991 1954 ἑιμαρμένη,
1021 1868 1105 1934 ἐῖναι
1129 1873 1186 1935 καὶ
1208 1866 1269 1950 τὴν

253 1971 312 2037 τοῦ
329 1969 535 2056 ἐνδεχομένου
556 1962 675 2058 φύσιν,
697 1967 795 2032 τούτο
817 1968 853 2033 δὲ
870 1962 1004 2056 ἀναιρεῖ
1016 1966 1055 2035 τὸ
1073 1966 1268 2058 ἀναγκαῖον,

252 2067 417 2140 ἀδύνατον
434 2073 518 2137 ἐῖναι
540 2065 599 2150 τὴν
618 2071 815 2157 ἑιμιιρμὲνην
833 2064 1016 2157 ἀναγκαῖόν
1033 2095 1066 2139 τι
1086 2079 1143 2140 καὶ
1157 2101 1269 2167 παρα·

250 2177 407 2298 6666666
426 2170 472 2262 μη
491 2167 680 2296 δυνάμενον.
717 2167 825 2238 Ἀλλά
844 2169 910 2261 μὴν
927 2168 1138 2295 ἀπολογεῖται
1155 2173 1268 2246 πάντα

250 2276 293 2347 τά
317 2273 397 2346 καθ’
432 2278 627 2368 ἕιμαρμὲνην
651 2268 827 2362 γιγνόμενοι
856 2273 943 2343 κατά
975 2275 1068 2361 τάξιν
1098 2285 1155 2348 καὶ
1186 2277 1268 2349 ἀκο-

250 2382 397 2450 λουθίαν
416 2378 594 2474 γίγνεσθαί
611 2401 702 2460 τινα,
725 2378 781 2445 καί
801 2403 834 2446 τι
854 2379 1009 2502 666669'
990 2407 1073 2471 εχειν
1093 2379 1161 2451 ἐν
1140 2390 1267 2465 αντοῖςι

253 2481 298 2553 Ού
325 2480 388 2575 γάρ
415 2479 455 2564 δὴ
476 2486 545 2559 τοῖς
574 2476 640 2547 ἀπὸ
662 2476 761 2568 τύχης
782 2472 884 2570 ὅμοια
905 2482 948 2550 τά
967 2487 1027 2568 τῆς
1050 2488 1265 2579 ἕιμαρμένης·Ι

249 2590 353 2655 ἐκεῖνα
376 2595 436 2673 μὲν
459 2581 525 2707 γάρ
550 2577 683 2650 ἀστατά
703 2605 737 2650 τε
758 2591 814 2652 καί
839 2587 983 2666 σπανίως
1006 2585 1185 2679 γιγνόμενα
1206 2598 1264 2661 καλ

248 2685 407 2813 σχεδὸν
388 2690 538 2766 αναίτια,
575 2683 614 2752 τὸ
641 2689 678 2752 δὲ
703 2680 828 2754 καθ’ζ
812 2694 1008 2811 ειμαρμνην
1035 2695 1102 2761 πάν
1124 2691 1265 2766 τόννοιν

249 2794 334 2860 τίον
371 2786 484 2881 ἕιρμύν
513 2792 594 2876 γοῦν
622 2785 736 2857 ἀιτίων
761 2798 865 2912 φασὶν
893 2789 998 2876 ἀυτὴν
1023 2797 1116 2865 ἒῖναι.
1169 2794 1262 2868 '³666

249 2891 324 2962 οὐδὲ
350 2894 395 2986 τῷ
417 2888 504 2960 κατὰ
529 2893 722 3013 μροαίρεσιν
741 2890 856 2974 ²9)
817 2891 939 2964 ταυτὸν
964 2892 1185 3022 ἡειμοιρμὲνη
1207 2906 1265 2970 δο-

249 3004 301 3066 κεῖ
314 3000 413 3065 ἒῖναι
442 2990 689 3064 διακύπτεσδοιι
710 2993 775 3088 γάρ
801 3001 848 3079 3⁰)
869 2995 908 3065 τὸ
927 2999 1100 3090 συνεχὲς
1080 3005 1185 3086 αυτῆς
1205 3002 1263 3100 ὑφ’

247 3096 414 3224 ἡμῶνκαὶ
438 3101 497 3182 τῆς
522 3095 681 3191 ἡμετέρας
705 3103 926 3190 προαιρέσεως
946 3099 1115 3184 πολλάκις.
1155 3103 1265 3177 Αλλά

146 3237 154 3259 ι
230 3201 314 3327 ,μην
334 3206 366 3272 ἐν
392 3208 461 3282 τοῖς
489 3211 636 3288 γενητοῖς
661 3227 694 3267 τε
719 3209 775 3268 καὶ
803 3208 1001 3328 φθαρτοῖς
999 3209 1107 3276 ταῦτα
1136 3205 1265 3303 ὁρῶμεν

177 3377 191 3392 ,Ι
246 3303 339 3376 ἀίτια
363 3303 458 3398 παρὰ
475 3303 535 3387 την
557 3305 761 3373 σννιστάσαν
787 3307 829 3386 ⁵¹)
859 3303 962 3400 φύσιν
980 3305 1068 3378 ἀντά
1089 3317 1146 3380 καὶ
1168 3317 1266 3405 δημι-

246 3410 434 3502 ουργούσαν
456 3409 663 3536 προαίρεσίν
678 3431 711 3474 τε
739 3414 796 3474 καὶ
821 3405 859 3476 τὸ
889 3407 1082 3536 ἀναίματον
1115 3423 1172 3485 καὶ
1204 3417 1266 3502 τὴν

245 3509 362 3602 τύχην·
392 3509 430 3579 06
456 3511 520 3601 γὰρ
549 3513 583 3578 ἐν
606 3505 737 3588 τούτοις
757 3508 797 3578 τὸ
818 3509 904 3579 κατά
927 3517 1056 3602 τέχνην,
1089 3508 1133 3586 ὧν
1154 3517 1264 3592 οάδενλ

243 3717 303 3800 τὴν
321 3721 516 3809 ἑιμαρμένην
487 3718 639 3802 γμηδὲν
605 3712 790 3783 66660’*
769 3745 794 3834 η
814 3715 874 3800 τὴν
900 3715 1023 3790 ὀικείαν
1048 3720 1152 3852 μύσιν
1174 3729 1261 3798 εῖναι

243 3818 393 3890 ἑκάστου.
452 3816 498 3886 06
527 3815 591 3938 γάρ
620 3815 706 3901 66
690 3845 723 3887 εν
748 3821 794 3910 τῷ
823 3819 980 3891 καθόλου
1007 3831 1063 3892 καὶ
1091 3833 1192 3922 κοινῷ
1221 3828 1261 3900 τὸ

243 3926 301 4008 τῆς
321 3926 537 4049 ῖιμαρμένης,
571 3918 641 3990 ὁῖον
664 3917 774 4001 άπλῶς
800 3919 904 4005 ζώων,
943 3921 1150 4054 ἀνδριάντων,
1187 3931 1259 4004 ἀλλ’

242 4034 275 4097 ἐν
301 4033 370 4106 τοῖς
395 4021 475 4093 καθ’
508 4029 646 4106 ε’κοιστα,
679 4021 854 4116 Σωκράτει
879 4051 913 4093 τε
941 4035 996 4095 καὶ
1016 4032 1162 4126 Καλλία.
1203 4036 1258 4106 Ἐν
