2804 4762
1094 403 1132 470 37

125 589 191 633 non
213 587 274 650 per
295 567 506 634 accessionem
527 581 559 634 et
581 571 837 656 consequentiam
859 575 899 640 ad
920 573 952 636 id
974 578 1061 658 quod
1083 587 1131 636 est

123 664 321 754 principale,
360 684 446 736 reete
475 672 550 736 hinc
578 674 748 738 urseramns
777 697 842 739 non
863 677 1075 740 frentraesse
1097 679 1129 740 in

123 775 256 838 homine·
283 774 359 846 vim,
376 776 659 842 consultratricem.
711 779 845 842 Frustra
872 792 975 842 antem
1003 782 1129 845 consul·

122 879 202 954 tari,
227 878 255 942 si
273 891 385 943 cuncta
399 881 584 944 necessitate
599 880 810 962 proveniant,
835 883 927 951 facile
943 896 1126 969 agnoscant,

122 981 178 1064 qui
207 1003 299 1046 usum
328 983 557 1047 consultatricis
591 983 747 1048 facultatis
777 986 937 1050 noverint.
994 985 1130 1052 Constat

65 1083 68 1090 ’
124 1084 208 1148 enim
230 1089 315 1167 apud
337 1107 445 1150 omnes
467 1108 563 1148 unam
586 1089 623 1148 de
646 1087 790 1154 omnilms
805 1088 1011 1154 animantibus
1026 1090 1128 1154 homi-

122 1209 197 1264 nem
217 1190 281 1253 hoe
301 1189 418 1252 hahere
441 1188 501 1252 sibi
524 1211 542 1252 a
563 1200 674 1251 natura
695 1189 918 1272 praecipuum,
942 1195 1029 1273 quod
1050 1213 1131 1267 non,

49 1279 54 1292 ’
122 1303 157 1354 ut
179 1290 234 1354 illa
256 1293 400 1355 trahatur
422 1291 614 1367 visionibus,
639 1293 696 1356 sed
717 1292 927 1355 haheatintra
946 1313 980 1356 se
993 1293 1127 1358 iudicem

122 1393 330 1456 accithantium
347 1379 528 1471 unionum,
554 1417 593 1458 an
611 1396 840 1477 approbandae
862 1395 942 1472 sint,
974 1396 1129 1460 rationem

121 1495 264 1573 scilicet,
289 1519 351 1580 qua
372 1509 492 1573 utens,¹
505 1497 533 1560 si
554 1497 621 1560 visa
651 1519 790 1579 expensa
818 1498 892 1565 talia
908 1538 912 1548 ·
926 1497 986 1560 sint
1023 1499 1129 1581 qualia

121 1593 213 1664 initio
241 1588 451 1694 putabantur,
491 1621 651 1662 assensum
680 1601 724 1664 eis
752 1602 901 1682 praehet,
940 1613 971 1664 et
1003 1623 1129 1669 assensa

122 1701 280 1784 sequitur.
340 1701 437 1781 Quod
458 1701 486 1764 si
506 1701 559 1766 illa
581 1702 758 1766 iudicentur
786 1705 926 1779 abactam
965 1716 1020 1766 aut·
1046 1703 1128 1774 aliud

123 1805 200 1888 quid
231 1804 390 1886 praeferri
417 1804 564 1889 dignius,
610 1806 643 1870 id
675 1806 817 1887 praefert
851 1805 1067 1889 derelinquens
1096 1806 1129 1868 id

122 1909 211 1990 quod
232 1909 273 1970 ab
294 1906 384 1970 initio
408 1906 631 1988 optabileipsi
661 1908 840 1972 videbatur.
903 1908 955 1971 Ob
978 1909 1010 1972 id
1031 1909 1128 1972 rturlta

122 1999 204 2094 quae
226 2031 267 2072 ex
289 2009 398 2092 primis
422 2008 497 2072 visis
526 2011 618 2077 nubis
647 2011 851 2092 placuerant,
890 2031 954 2073 non
987 2031 1129 2073 mansere

121 2114 323 2195 approbata,
359 2111 481 2176 ratione
503 2133 541 2176 ea
563 2113 733 2177 refutante.
779 2115 822 2175 Et
845 2134 924 2194 quae
945 2113 1029 2174 sacta
1049 2112 1129 2176 suis.

122 2228 214 2292 sent,
240 2215 267 2278 si
288 2215 439 2282 valrusset
461 2213 531 2304 visi
544 2214 737 2290 auctoritas,
762 2214 846 2278 facta
862 2235 927 2278 non
942 2225 1030 2289 sunt,
1047 2213 1129 2278 ideo

122 2321 210 2402 quod
234 2321 276 2383 de
293 2316 331 2380 iis
353 2317 494 2380 instituta
515 2317 575 2380 suit
599 2317 813 2381 consultatio:
837 2316 954 2400 quippe
976 2339 1047 2380 cum
1069 2338 1129 2379 nos

122 2422 240 2487 domini
273 2419 369 2484 simus
399 2431 430 2482 et
458 2421 656 2483 consultandi
693 2404 724 2482 et
757 2442 799 2484 ex
835 2421 982 2484 consulto
1010 2419 1128 2484 facien-1

120 2527 150 2588 ti
171 2522 317 2588 dilectus.
361 2524 535 2586 Praeterea
556 2544 658 2605 neque
681 2527 718 2584 de
740 2522 874 2586 aeternis
896 2521 1061 2584 consilium
1074 2545 1126 2584 ca·

120 2629 239 2712 pimus,
264 2647 366 2708 usqam
379 2628 416 2688 de
438 2625 475 2688 iis
499 2647 578 2707 quae
601 2637 745 2688 constant
767 2625 837 2693 fieri
859 2646 900 2686 ex
921 2625 1125 2688 necessitate:

121 2732 194 2814 quia
217 2730 293 2794 nihil
316 2731 353 2791 de
377 2728 422 2791 eis'
444 2729 651 2794 consultando
684 2728 824 2790 eveniret
848 2727 1017 2810 commodi.
1064 2728 1126 2796 Sed

122 2856 227 2916 neque
249 2836 287 2896 tle
310 2831 354 2894 eis
369 2833 611 2908 consultamus,
637 2853 717 2913 quae
741 2853 781 2896 en
803 2830 986 2923 necessitate
1002 2830 1126 2913 quidem

121 2960 185 3000 non
202 2937 294 3012 fiunt,
313 2937 368 2998 sed
379 2955 459 3017 quae
470 2934 501 2996 in
517 2933 650 2998 aliorum
665 2945 737 2994 sunt
749 2942 918 3013 potestate,
945 2931 1016 3014 quia
1030 2955 1070 2994 ne
1085 2954 1125 2995 ea
1187 2953 1198 2974 f

121 3041 175 3105 tali
191 3040 315 3123 quidem
332 3036 562 3102 consultatione
588 3037 651 3103 ulla
671 3039 709 3096 acl
730 3057 789 3098 nos
812 3035 926 3098 utilitas
949 3038 1124 3098 redundare

120 3144 429 3225 posset.'Praeterea
440 3137 595 3224 neeldeeis
608 3138 831 3213 corisultamus,
850 3159 929 3220 quae
942 3137 1058 3203 anobis
1073 3135 1125 3221 agi

121 3243 308 3330 potuerant,
344 3247 400 3306 sed
422 3265 557 3325 quorum
580 3253 702 3322 tempus
725 3241 863 3322 elapsum
887 3252 951 3316 est,
991 3241 1061 3322 quia
1085 3262 1136 3302 no.

95 3374 138 3414 .e
161 3349 217 3412 tali
231 3349 363 3431 ,qiudcm
386 3345 518 3410 consilio
542 3344 657 3427 aliquid
680 3343 771 3409 nohis
796 3342 996 3405 emolumenti
1014 3354 1124 3422 posset
1199 3372 1201 3376 ¹

120 3441 289 3518 ohucuire.¹
333 3449 556 3514 Consultamus
580 3437 681 3510 autem
705 3457 824 3512 tanturn
848 3448 885 3506 de
908 3445 945 3508 iis
963 3465 1042 3527 quae
1064 3444 1122 3506 im-

120 3557 238 3620 minent
261 3554 416 3636 nobisque
445 3553 568 3637 agenda
597 3563 686 3612 sunt:
725 3548 869 3612 nimirum
897 3550 985 3630 quod
1018 3551 1055 3610 de
1085 3548 1121 3610 iis

121 3657 313 3724 consultatio
336 3660 376 3720 ad
397 3656 562 3719 dileetuum
586 3652 818 3717 exsecutionem
833 3728 835 3736 Α
848 3653 1000 3733 prndesse
1029 3651 1121 3716 nohis

119 3761 244 3847 possin
282 3763 363 3822 Nam
393 3759 419 3820 si
447 3759 478 3822 in
508 3757 619 3840 quihus
644 3778 683 3817 ex
706 3757 773 3820 sola
796 3753 1024 3822 consultatione
1045 3753 1121 3816 nihil

120 3866 245 3950 assequi
267 3870 453 3946 possumus,
485 3882 549 3928 nou
573 3861 806 3944 consultamus,
842 3857 1027 3942 sequitur
1049 3871 1117 3919 nos

119 3975 163 4046 ile
186 3970 236 4034 iis
260 3979 411 4034 tantum
434 3963 690 4037 consultare,
724 3961 934 4044 dequibus
958 3961 1120 4038 consula
