2774 4756
1128 307 1190 372 110
1222 317 1225 328 ·

272 490 338 554 est,
371 497 464 560 quam
485 477 517 539 in
539 475 631 542 simili
652 497 745 540 causa
767 475 847 541 hene
869 475 996 564 longam
1020 471 1188 544 Caesarius
1227 493 1230 500 ·
1299 491 1301 500 ’

272 581 403 644 instituit
425 583 531 644 'l'omo
547 582 576 644 I.
593 581 746 646 Biblioth.
764 581 856 644 Patr.
877 603 980 646 novae
995 582 1069 646 edit.
1087 583 1189 645 Grae-

272 686 369 748 colat.
393 705 427 768 p.
452 685 526 747 010.
550 683 689 769 Dialog.'
707 685 738 747 2.
763 685 970 766 responsione
996 687 1036 748 ad
1058 685 1189 765 Quaest.

166 865 168 869 Ι
275 788 348 850 109.
393 790 534 872 (Viger.)
577 788 773 863 Bardesanes
804 789 983 864 Edessenus
1007 789 1105 868 Syrus
1135 809 1190 850 au-

274 889 489 973 ctorDialogi
511 891 548 952 de
571 890 653 954 Fato
675 911 739 952 non
761 885 999 955 confundendus
1021 913 1091 954 curn
1111 893 1193 954 Bar·

276 995 388 1056 desane
417 992 597 1073 Babylonio
629 991 727 1058 Cous.
750 995 779 1059 1.
803 993 847 1056 Α.
871 994 1011 1060 Fabricii
1037 993 1193 1059 Biblioth.

222 1129 224 1136 v
275 1097 393 1158 Gracc.
417 1098 514 1158 Tem.
538 1097 585 1159 V.
607 1117 642 1178 p.
667 1097 741 1160 190.
766 1095 1057 1162 Frioer.suunzii
1079 1097 1193 1161 Histo-

274 1199 321 1262 ria
344 1198 532 1261 Bardesanis
555 1211 585 1262 et
606 1199 710 1262 Bardo
728 1199 896 1262 anistarum
919 1201 1001 1264 edita
1022 1201 1191 1264 Wittemb.
1258 1268 1261 1276 Ι

187 1279 189 1282 ¹
275 1303 370 1364 1110.
395 1303 426 1363 1.
451 1301 585 1364 Librum
608 1305 647 1378 de
667 1221 749 1368 Baio
773 1305 860 1385 quod
882 1303 1007 1380 attinet,
1025 1302 1194 1368 interiecta

230 1455 232 1458 .
275 1405 306 1468 in
328 1407 392 1468 hoc
409 1405 604 1490 Fragmento
627 1406 769 1489 quaestio
786 1405 927 1487 Philippi
949 1405 1110 1488 discipuli,
1134 1409 1194 1470 do·

274 1521 324 1571 cet
345 1507 432 1571 illum
454 1532 518 1575 uon
539 1507 673 1591 abipso
696 1510 898 1586 Bardesane,
923 1512 978 1572 sed
1000 1531 1019 1572 a
1041 1509 1194 1592 discipulo
1241 1531 1247 1536 ’

274 1634 333 1675 suo
355 1612 509 1696 Philippo
531 1613 628 1676 fnisse
649 1612 877 1694 conscriptum.
922 1613 995 1693 (0.)

212 1715 245 1795 2)
274 1717 471 1782 Μέλισσα
492 1719 591 1802 μέλι
611 1715 805 1804 γεωργεῖ]
829 1716 1003 1779 Emendavi
1024 1717 1097 1778 11.1.
1121 1737 1195 1780 ver·

210 1825 211 1832 ’
239 1841 240 1846 ’
274 1819 393 1882 sionem
417 1817 524 1883 Grotii
545 1818 605 1900 qui·
620 1819 700 1880 male
721 1817 876 1879 reddidit:
899 1821 976 1900 apis
994 1821 1195 1884 rusticotur.

276 1920 377 2002 Atqui
393 1927 544 2010 γεωργεῖν
559 1923 642 2002 apud
656 1920 830 2002 scriptores
847 1918 1087 1983 Ecclesiastioos
1103 1941 1197 1985 sensu

277 2044 347 2084 cum
370 2023 503 2104 physico
525 2035 591 2085 tum
613 2022 831 2105 metaphorico
855 2035 887 2084 et
907 2022 1020 2086 morali
1042 2033 1089 2084 est
1117 2045 1196 2088 eon-

275 2137 420 2202 struere,
440 2124 640 2205 fabricari,
668 2127 795 2189 moliri.
817 2123 916 2198 Coni.
945 2147 973 2187 s.
1005 2123 1046 2189 C.
1071 2124 1195 2198 Suizer.

280 2227 438 2289 Thesaur.
455 2224 642 2288 Ecclesiastc
664 2227 698 2288 h.
723 2249 756 2290 v.
781 2228 978 2291 Vertendum
999 2227 1104 2311 itaque
1118 2225 1197 2310 Apis

277 2331 344 2394 mei
358 2328 576 2409 fabricatur.
620 2328 693 2408 (0.)

215 2433 247 2513 3)
278 2433 352 2498 τῶν
370 2426 627 2510 Ἁλαναὶων]
650 2431 701 2494 De
723 2430 871 2497 Alanaeis
893 2432 970 2495 nihil
990 2433 1066 2518 legi.
1090 2431 1197 2495 Simile

279 2557 357 2598 vero
380 2547 427 2597 est
456 2555 520 2597 non
550 2534 629 2598 alios
661 2554 731 2596 esse
765 2555 857 2616 quam
879 2535 1022 2610 Alanos,
1060 2557 1197 2618 quorum

245 2705 247 2710 ,
278 2637 457 2719 Iosephus,
496 2635 677 2712 Lucienus,
724 2635 776 2700 alii
804 2636 949 2720 plerique
975 2639 1196 2718 meminerunt.

243 2751 246 2758 ·
279 2741 439 2824 (pigere.)
490 2740 633 2821 Populus
668 2738 838 2802 Sarmatiae
856 2742 1078 2832 «Europaeque,
1116 2741 1199 2802 haud
1269 2723 1281 2828 ‚i
1347 2817 1349 2821 ,

281 2841 435 2925 procula
458 2841 620 2906 Maeotide
648 2842 775 2923 palude.
809 2839 908 2905 Conf.
931 2843 1070 2925 inprimis
1086 2843 1199 2905 Arria-

280 2969 371 3021 num,
395 2967 482 3008 crrrtts
505 2945 671 3008 etiamnum
695 2954 796 3006 exstat
817 2946 911 3010 Acies
926 2955 1047 3008 contra
1062 2941 1206 3029 Alanos,
1278 3013 1281 3020 .

220 3152 252 3230 t)
281 3145 611 3241 διαφερόμενοι]
641 3151 760 3213 Annon
781 3149 948 3231 legendum
970 3147 1200 3239 διαφερομένῃ,

279 3265 314 3314 ut
336 3253 492 3314 referatur
513 3256 552 3316 ad
572 3255 763 3336 praecedens
786 3243 1048 3336 ανθριοιιότηιιῗ
1093 3246 1165 3327 (Ο.)

220 3359 253 3436 5)
283 3352 358 3422 ὑπὸ
392 3355 468 3420 τῶν
495 3351 778 3441 ὁμοιοπαθῶν
807 3347 1083 3428 ἐλαύνονται]
1122 3351 1201 3414 Sen-

283 3482 350 3522 sum
373 3461 487 3523 horum
510 3460 681 3522 verborum
704 3479 767 3519 non
791 3455 873 3536 cepit
897 3451 1042 3520 Grotius.
1082 3453 1202 3515 Mchus

284 3563 424 3647 V'igcrus
459 3583 481 3625 u
514 3564 568 3622 sui
596 3558 761 3622 sirnilibus
790 3557 825 3638 (i.
852 3579 880 3619 e.
912 3556 980 3620 aliis
1007 3554 1201 3633 hominibus)
1237 3615 1238 3618 ,

284 3654 421 3746 impune*
437 3657 617 3724 'vexantem
653 3659 764 3724 Malim
787 3659 917 3724 sedibus
928 3656 1008 3720 suis
1028 3657 1202 3737 expellun-

283 3776 351 3830 tur.
395 3764 468 3845 (0.)

222 3870 255 3950 0)
283 3864 394 3958 παρὰ
417 3860 608 3955 Eripere]
628 3864 681 3928 An
705 3863 801 3926 Serae
822 3859 984 3927 aSerii'nus
1008 3856 1085 3927 alii?
1109 3857 1201 3925 Seres
