2728 4758
250 399 309 466 192

247 552 420 649 ἰόντων,ι
402 565 471 634 αίτι
488 561 571 656 πρὸς
588 559 648 642 τᾶς
669 558 802 652 κράσεις
822 562 886 632 τῶν
907 557 1066 652 σωμοίτων
1086 567 1142 631 και
1163 561 1249 656 πρὸς

244 669 305 750 τᾶς
336 669 520 755 ἐπιθυμίας
551 661 753 786 ἐναντιώσεις
785 671 842 733 και
876 666 1028 733 ἐνταῦθα
1062 662 1249 760 πρεπόντως

244 777 391 861 λέγοιντο
423 768 473 838 ἄν).
522 763 573 836 Ec
601 757 678 840 6‘'
658 794 710 835 οτι
741 771 787 847 έις
817 765 877 850 τὴν
902 771 966 836 τῶν
987 767 1117 861 ἄστρων
1139 774 1250 858 σχέσιν

245 873 382 969 ὁρῶντες
398 877 470 964 περὶ
484 867 629 940 ἑκάστων
646 869 827 959 λέγουσι
790 897 834 938 τα
844 867 1019 960 γιγνόμενα
1032 869 1107 964 παρ’
1125 875 1256 941 ἐκείνων

243 982 421 1048 ποιεῖσθαι
439 977 686 1067 τεκμαίρονται,
709 971 828 1064 ὁμοίως
849 971 890 1043 ἄν
909 981 964 1042 καὶ
981 979 1013 1041 οἱ
1031 972 1135 1067 ὄρνεις
1154 1001 1252 1058 ποιη·

244 1087 329 1149 τικοὶ
347 1070 391 1148 ὧν
408 1081 624 1167 σημαίνουσιν
644 1077 721 1159 έῖεν,
754 1084 811 1145 καὶ
829 1074 937 1147 πόντα
957 1081 1002 1158 έις
1026 1074 1048 1144 6
1073 1082 1260 1166 βλέπουσιν

245 1188 277 1252 οἱ
298 1178 431 1273 μάντεις
453 1185 680 1274 προλέγουσιν.
713 1177 788 1249 Ἔτι
812 1185 848 1249 δέ
868 1188 924 1249 καὶ
945 1184 980 1248 ἐκ
999 1181 1097 1249 τῶνδε
1118 1177 1252 1274 ἀκριβέ-

244 1310 360 1379 στερον
383 1284 425 1354 ἄν
452 1311 502 1365 τις
525 1287 744 1406 ἐπισκέψαιτο
768 1289 847 1376 περὶ
866 1281 1002 1354 τούτων.
1048 1277 1096 1352 “A
1125 1281 1254 1392 τις”ίίν

245 1387 359 1458 ἰδὼν
343 1408 389 1469 εις
412 1386 471 1472 τὴν
495 1389 560 1455 τῶν
583 1384 713 1506 ἄστρων
739 1392 849 1476 σχέσιν
873 1382 914 1470 ἣν
937 1390 1023 1478 έῖχον
1044 1381 1097 1456 ὅτε
1114 1385 1254 1466 ἕκαστος

244 1495 381 1581 ἐγίνετο,
408 1491 575 1610 προείποι,
605 1493 712 1558 ταῦτα
730 1497 814 1584 φασὶ
832 1497 888 1558 και
909 1494 1067 1578 γίνεσθαι
1087 1517 1156 1612 παρ
1192 1487 1254 1558 ἄυ-

243 1621 322 1677 των,
343 1591 382 1663 οὐ
395 1618 618 1681 οημαινοντων
628 1618 739 1684 μονον,
762 1590 848 1661 ἄλλοί
862 1589 1119 1662 καὶποιοόντων.
1138 1586 1252 1661 ’Ὅταν
1335 1681 1338 1688 ⁴

244 1699 354 1767 τοίνυν
374 1723 447 1790 περι
469 1698 628 1820 έυγενείας
648 1688 799 1784 λέγωσιν,
833 1694 875 1777 ὡς
897 1699 930 1780 ἐξ
951 1694 1086 1780 ἐνδόξων
1104 1697 1167 1764 τῶν
1188 1723 1253 1764 πα-
1258 1709 1264 1742 ³

244 1805 365 1928 ρέρων
365 1805 421 1868 καί
442 1803 588 1890 μητέρων
605 1803 672 1879 πῶς
693 1800 740 1868 ένι
755 1806 934 1892 ποιεῖσθαι
951 1801 981 1884 ⁷)
1003 1805 1106 1888 λέγειν
1126 1802 1263 1904 ταῦτα,

244 1899 265 1972 ί
287 1898 491 2023 προϋπάρχοι
519 1909 592 2022 περὶ
617 1901 694 1982 τοὺς
718 1909 841 1990 γονεῖς,
874 1910 947 2030 περὶ
971 1900 1031 1988 τὴν
1060 1908 1169 1993 σχέσιν
1201 1895 1264 1991 γε-’
1307 1945 1309 1948 v

244 2010 371 2077 νέσθαι
391 2003 516 2088 ταύτην
537 2007 600 2075 τῶν
623 2004 773 2128 ἄστρων,
799 2002 868 2130 ἄρν’
876 1997 916 2090 ἧς
935 2012 1152 2100 προλέγουσις
1181 2011 1254 2076 Καὶ

219 2193 225 2204 ι
243 2107 319 2200 μὴν
326 2115 381 2176 καὶ
397 2115 516 2198 γονέων
531 2106 631 2199 τύχας
648 2106 714 2177 ἄπὸ
728 2112 791 2178 τῶν
807 2097 987 2178 παίδων
946 2137 1004 2194 της
1024 2115 1176 2198 γενέσεως
1196 2117 1253 2180 καὶ

244 2215 370 2282 παίδων
384 2211 608 2292 διαθέσεις,
592 2213 661 2280 οἶαι
681 2212 812 2280 ἔσονται
835 2239 890 2280 και
904 2210 1035 2293 ὁποίαις
1056 2218 1265 2282 συνέσονται·
1298 2249 1300 2256 v

182 2345 185 2348 ·
244 2314 375 2406 τόχαις,
409 2313 476 2384 ἄπὸ
501 2319 566 2384 τῶν
593 2320 742 2408 πατέρων
770 2317 929 2404 περὶτῶν
955 2314 1044 2387 όόπω
1072 2314 1292 2417 γεγονότων

244 2425 394 2506 λέγουσι,
416 2427 472 2487 και
494 2421 526 2501 ἐξ
545 2415 713 2548 ἄδελροων,
744 2415 896 2514 ἀδελφῶν
911 2416 1104 2499 θανάτους·
1134 2426 1190 2487 καὶ
1221 2423 1259 2489 ἐκ

245 2524 407 2650 γυναιμῶν
423 2521 467 2590 τᾶ
484 2549 558 2610 περι
576 2547 653 2645 τομς
673 2519 797 2616 ἄνδρας
818 2529 875 2592 και
893 2519 1056 2592 ἄυοίπαλίν
1072 2549 1114 2597 τε
1128 2526 1163 2591 ἐκ
1178 2520 1267 2592 τοό-

244 2651 309 2695 των
334 2630 449 2695 ἐκεῖνα.
491 2625 613 2704 11039'
599 2623 640 2692 οίν
669 2621 726 2692 ὀῦν
751 2621 771 2708 ἦ
795 2622 940 2713 ,ἕκαστον
969 2629 1079 2716 σχέσις
1108 2630 1159 2694 ἐπι
1191 2629 1258 2696 τῶν

245 2727 376 2849 ἄστρων
396 2733 503 2810 ποιεῖ,
526 2724 550 2794 6
543 2723 669 2824 ἤδη
653 2754 687 2795 εκ
710 2733 860 2821 πατέρων
883 2725 986 2808 ὁότως
1006 2731 1085 2814 ἕξειν
1107 2734 1259 2817 λέγεται,

235 2828 341 2901 ’H
302 2858 367 2923 γαρ
387 2834 491 2899 εκεῖνα
510 2825 553 2898 τᾶ
573 2827 719 2925 πρότερα
738 2831 832 2900 έσται
854 2829 896 2899 τᾶ
918 2835 1095 2916 ποιοῦντα,
1116 2829 1138 2915 ἢ
1159 2836 1188 2901 έι
1203 2831 1268 2923 μὴ·

191 3013 193 3020 Ι
245 2936 350 3002 ἐκεῖνα
374 2939 476 3017 ποιεῖ,
505 2932 580 3003 οίιδὲ
603 2937 719 3003 ταῦτα.
763 2937 833 3003 Καὶ
850 2931 916 3025 μὴν
934 2931 1026 3045 καὶὴ
1046 2932 1204 3024 ὁμοιότης
1218 2941 1270 3005 ’ἐν

245 3045 315 3116 τοῖς
336 3037 434 3105 ε’ίδεσι
456 3035 540 3130 πρὸς
560 3035 638 3117 τοὺς
657 3041 773 3126 γονέας
794 3033 955 3106 όίκοθεν
951 3046 1056 3134 ροησὶ,
1092 3047 1148 3108 καὶ
1176 3037 1269 3109 κοίλιἶ

245 3143 304 3218 λος
331 3147 387 3208 καὶ
416 3135 531 3229 ἄῖσχος
553 3138 653 3222 ἰέναι,
687 3137 755 3208 ἄλλ
791 3137 829 3208 οὐ
857 3139 953 3228 παρὰ
976 3143 1088 3270 (μορρίς
1115 3139 1257 3236 ἄστρων.

240 3237 400 3329 Ἕόλογον
421 3246 457 3309 δέ
482 3239 569 3310 κατᾶ
595 3242 672 3322 τοὺς
699 3239 822 3321 ἄυτούς
841 3237 985 3364 χρόνους
1006 3252 1061 3313 καὶ
1084 3242 1171 3313 ἄλλοι
1192 3245 1269 3329 ζῶοί·
1292 3283 1295 3292 ·

245 3371 280 3418 τε
315 3344 529 3425 παντοδαπὰ,
577 3353 633 3414 καὶ
665 3338 918 3438 ἄνθρωπονς’
895 3373 967 3435 αμα
989 3349 1163 3467 γίνεσθαι,
1208 3345 1269 3428 ὁῑς

245 3441 372 3572 ίίπασιγ
391 3451 486 3541 έχρην
503 3446 547 3515 τᾶ
564 3445 650 3516 ἄυτᾶ
670 3445 823 3531 έῑναι,
807 3445 898 3531 οἴςη
924 3447 1008 3532 ’ἄυτὴ
1031 3454 1156 3538 σχέσις,
1188 3453 1257 3530 πῶς

246 3549 305 3620 ὀῦν
333 3544 405 3641 ἄμα
428 3560 488 3642 μὲν
516 3547 736 3644 ἀνθρώπους,
772 3543 908 3682 ἄμαέ
873 3555 908 3618 δὲ
935 3548 993 3618 τᾶ
990 3548 1093 3621 ἄλλα
1113 3551 1171 3620 διὰ
1191 3558 1270 3627 τῶν

305 3959 415 4035 Ἀλλὰ
439 3957 504 4056 γᾶρ
532 3963 677 4052 γίγνεται
703 3973 764 4053 μὲν
792 3967 915 4034 ἕκαστα
943 3962 1030 4034 κατίι
1060 3963 1120 4046 τᾶς
1148 3963 1255 4038 ἀυτῶν
