2804 4762
1025 431 1122 490 ΓΙ67

16 637 17 640 =
116 594 296 678 pertiuntur
318 593 381 657 illis
406 595 459 678 qui
480 617 544 657 non
567 615 606 658 eo
631 597 731 658 modo
754 608 898 677 peccant.
944 597 1026 660 Vide
1043 619 1124 658 nunc

16 721 17 724 ’
115 700 280 782 quomodo
302 697 480 761 homiuibus
503 697 690 782 flagitiosis,
727 699 781 782 qui
797 701 878 772 banc
895 699 1081 767 seutentiam
1106 723 1124 764 a
1217 709 1220 712 ’

116 799 316 884 philosophis
342 802 497 876 hausere,
545 799 697 862 instillent
726 801 867 885 magistri
897 796 1023 879 talitim,
1051 783 1124 866 nou

114 904 215 968 miuus
231 903 318 985 ipsos
335 900 427 968 venia
438 924 512 966 -esse
531 902 645 986 dignos
668 925 761 985 quam
784 925 839 968 eos
859 904 912 987 qui
930 926 995 967 non
1010 917 1124 987 sponte

116 1018 263 1094 peccant.
308 1005 494 1071 Nouenim,
522 1004 578 1081 illi
595 1003 653 1084 (sie
677 1006 781 1084 aiunt)
814 1007 917 1090 aliqua
940 1020 1071 1072 externa
1092 1008 1125 1072 vi

117 1120 266 1194 cogente,
284 1129 364 1192 quac
374 1120 479 1186 tamen
486 1108 572 1184 sorte
584 1119 615 1170 et
624 1109 730 1171 caveri
736 1109 852 1190 potuit,
861 1111 980 1174 faciunt
988 1134 1068 1194 quae
1074 1113 1123 1175 fa·

114 1213 212 1288 ciunt,
233 1214 291 1277 sed
304 1215 343 1274 ab
357 1210 426 1293 ipsa
437 1231 516 1294 quae
530 1209 612 1272 inter
623 1210 710 1291 ipsos
724 1223 782 1288 est,
798 1223 920 1289 natura,
937 1213 980 1275 ita
986 1226 1025 1290 ‚ut
1034 1216 1125 1278 aliter

111 1336 207 1401 agere
223 1335 288 1384 non
299 1313 486 1397 potuerint,-
498 1334 577 1396 quae
589 1312 687 1398 igitur
701 1310 778 1396 ipsis
795 1327 842 1376 est
853 1309 1122 1396 peccandi'causa.

16 1495 18 1508 y
111 1417 255 1500 Quodsi
277 1437 336 1480 nec
355 1415 407 1492 alii
423 1437 483 1480 nec
501 1415 547 1479 illi
568 1414 629 1498 ipsi
651 1416 706 1500 qui
728 1417 912 1480 sententiam
932 1418 1023 1480 istam
1044 1441 1121 1501 pos-

109 1521 232 1598 sident,
277 1520 399 1604 veniam
429 1519 533 1592 daturi
565 1530 638 1581 stent
669 1519 760 1582 istam
790 1521 944 1584 adserenti
973 1523 1123 1603 peccandi

28 1674 30 1684 .
111 1645 261 1700 causam,
284 1633 433 1706 tanquam
452 1620 594 1691 mendaci
619 1633 650 1684 et
667 1622 747 1685 falsa
765 1621 900 1700 dicenti,
924 1625 1123 1688 manifestum

110 1739 157 1793 est
179 1729 221 1788 ab
246 1725 308 1788 illis
324 1725 409 1806 ,ipsis
438 1745 503 1788 nou
525 1723 626 1787 minus
649 1746 742 1806 quam
772 1727 818 1788 ab
832 1725 907 1805 aliis
937 1728 1026 1790 credi
1047 1749 1124 1808 esse

110 1829 231 1912 aliquid
255 1828 287 1890 iu
309 1839 426 1890 nestra,
436 1838 613 1907 potestate,
644 1849 709 1890 non
732 1831 894 1910 quomodo
920 1829 966 1892 illi
986 1832 1050 1895 hoc
1071 1833 1125 1895 lo-.

112 1930 230 2014 quendi
251 1951 350 2014 genus
372 1929 548 2011 explicant,
580 1929 634 1992 ubi
654 1929 838 1993 industriam
866 1952 990 1995 omnem
1012 1935 1123 1996 confe-

111 2045 186 2107 runt
222 2034 264 2104 ad
291 2035 436 2117 tuendam
465 2031 670 2109 assertionem
703 2054 808 2109 suam,
847 2037 903 2098 sed
926 2036 1017 2122 quale
1046 2038 1123 2101 illud

112 2139 230 2208 debere
247 2199 252 2211 ,
270 2132 403 2218 intelligi
426 2133 519 2216 ipsis.
545 2133 636 2198 factis
674 2146 706 2196 et
737 2134 798 2216 ipsi
835 2148 866 2198 et
897 2136 948 2198 alii
979 2139 1122 2202 homiues

16 2249 17 2292 Ξ
111 2250 282 2312 testantur.
326 2238 410 2300 Nam
433 2237 460 2299 si
484 2235 575 2318 plane
601 2239 767 2300 crederent
792 2259 859 2304 rem
885 2238 966 2302 sieut
995 2240 1120 2318 dieunt,

111 2364 145 2407 se
158 2342 305 2415 babere,
344 2338 489 2412 omnibus
517 2340 719 2422 peccantibus
748 2341 969 2426 ignoscerent,
1008 2356 1043 2408 ut
1069 2346 1123 2428 qui

16 2469 17 2474 ¹
114 2466 180 2511 uon
201 2440 369 2518 habuerint
391 2463 456 2518 non
474 2442 523 2522 sie
545 2443 657 2527 agendi
672 2443 867 2526 libertatem.

505 2783 508 2788 ·
577 2755 660 2818 XX.

160 2901 162 2906 ·
179 2857 383 2945 Esseigitur
397 2879 517 2934 ¹revera
535 2855 669 2942 aliquid,
694 2863 781 2942 quod
794 2861 1124 2942 inpotestateuostra
1219 2900 1240 2930 t.

115 2963 282 3034 dicendum
299 2963 360 3038 sit,
384 2947 486 3044 neque
507 2963 551 3025 ob
572 2959 652 3026 hanc‘
670 2961 848 3026 libertatem
868 2984 920 3026 res
942 2963 1009 3026 sine
1032 2987 1141 3027 eausa·

115 3068 208 3145 fieri,
231 3067 304 3134 ideo
327 3068 413 3149 quod
430 3085 510 3148 qima
534 3063 580 3128 sic
599 3065 696 3140 fiunt,
721 3085 831 3128 corum
853 3087 945 3129 causa
967 3067 1008 3129 sit
1025 3068 1131 3131 homo·

115 3170 203 3253 ipse,
222 3159 489 3252 principiumque
511 3167 624 3252 agendi
650 3189 779 3244 eorum,
819 3189 898 3250 quae
922 3191 939 3231 a
961 3191 995 3232 se
1021 3171 1123 3246 fiunt,

116 3275 193 3338 satis
220 3271 419 3336 manifestum
437 3271 556 3336 faciunt
576 3271 638 3333 iam
659 3271 762 3345 dicta3
793 3272 866 3334 satis
894 3272 985 3334 etiam
1007 3273 1039 3336 id
1066 3272 1125 3335 sibi

116 3377 347 3460 persuaderent
368 3372 428 3455 ipsi
453 3362 516 3448 illi,
548 3374 601 3455 qui
627 3386 739 3437 contra
761 3387 916 3437 conantur
940 3375 1067 3458 dicere,
1098 3393 1125 3457 si

118 3499 345 3561 eorumquae
373 3488 491 3561 agunt,
529 3478 582 3539 vel
610 3477 762 3539 tantillum
794 3476 841 3538 sie
858 3497 964 3562 agere
991 3479 1124 3542 sustine·

118 3594 209 3658 rent,
244 3593 391 3663 tanquam
416 3601 494 3643 vera
522 3579 675 3652 dieentess
711 3580 764 3659 (id
791 3592 859 3656 est,
899 3579 925 3641 si
941 3601 1125 3662 persuasum
1219 3569 1221 3574 Α

118 3682 371 3756 haberentuihil
390 3705 499 3746 corum
518 3704 597 3766 quae
621 3685 659 3744 ab
682 3682 835 3766 aliquibus
851 3684 946 3759 fumt,
972 3685 1013 3748 ita
1034 3685 1123 3759 fieri,

117 3799 154 3850 ut
169 3789 264 3860 iidem
280 3787 371 3849 simul
388 3809 453 3850 non
467 3788 499 3856 id
510 3785 624 3871 agendi
644 3797 718 3846 tunc
739 3787 905 3848 habuerint
919 3789 1125 3868 libertatem.)

16 3873 17 3952 ζ
118 3895 202 3961 Nam
222 3889 277 3974 ¹qui
301 3890 334 3953 id
351 3889 411 3952 sibi
424 3889 633 3980 persuaserit,
659 3888 684 3950 is
705 3888 775 3950 fieri
800 3910 864 3951 non
886 3903 992 3971 potest
1014 3903 1048 3954 ut
1071 3891 1126 3954 ali·

16 4041 18 4056 ,
118 4017 215 4078 ⁸quem
238 3994 366 4074 culpet,
388 4004 430 4062 ‚ut
450 3992 583 4076 aliquem
604 3993 729 4082 landet,
752 4002 798 4056 ,ut
817 3993 963 4065 hortetur
978 3993 1124 4076 aliquem,
