2758 4760
1073 419 1112 480 95

112 597 225 652 ctmcta
250 585 320 648 fieri
346 605 386 647 ex
408 583 609 656 necessitate,
635 583 707 666 qtda
730 582 865 658 scilicet,
900 585 931 648 ni
960 587 991 649 id
1013 589 1113 662 esset,

110 712 175 754 non
202 701 334 771 possent
369 687 429 749 ista
459 686 638 767 praenosci.
705 687 802 767 Qrtod
836 686 863 749 si
894 710 936 751 ex
971 689 1115 753 Deorum

109 790 418 876 praesignificatione
442 811 478 851 ac
499 789 707 870 praenotione
729 791 899 855 necessitas
922 791 1014 855 etiam
1032 797 1115 875 apud

109 898 188 958 istos
219 907 332 960 contra
361 915 441 976 qnos
471 913 530 955 nos
558 892 750 973 disputamus
777 907 865 960 reete
893 895 1049 972 insertur,
1089 895 1116 960 si

108 1001 170 1062 iam
194 999 226 1060 in
252 1001 348 1060 rebus
362 1007 431 1063 'non
450 997 490 1058 sit
508 995 693 1072 necessitas,
729 1019 924 1080 consequens
947 998 1006 1061 erit
1023 1000 1116 1062 etiam

111 1101 318 1184 exipsorum
345 1099 498 1164 sententia
520 1120 585 1162 non
609 1101 777 1180 praenosci
806 1100 914 1164 futura
942 1124 981 1166 ne
1011 1103 1115 1167 aDiis

112 1205 257 1289 quidem..
293 1205 406 1286 Itaque
434 1215 465 1265 et
496 1201 557 1283 ipsi
575 1202 710 1286 aliquam
730 1202 946 1286 impotentiam
968 1205 1037 1268 Diis
1063 1229 1116 1270 re·

109 1309 276 1390 linquunt,
308 1306 334 1369 si
359 1308 456 1370 modo
477 1305 680 1388 impotentiae
707 1307 775 1371 sive
799 1307 987 1372 infirmitatis
1010 1321 1058 1372 est
1078 1332 1116 1373 ea

109 1433 172 1474 non
198 1431 295 1494 posse
317 1431 399 1493 quae
424 1409 495 1471 fieri
518 1422 690 1491 nequeunt.
735 1410 824 1472 Nihil
845 1410 943 1495 igitur
960 1412 1031 1493 plus
1053 1434 1114 1494 po·

110 1516 225 1578 tentiae
250 1536 309 1596 per
325 1513 557 1597 praedictiones
580 1513 650 1575 Diis
669 1517 845 1577 adstruunt.
891 1515 956 1592 Sed
973 1514 1045 1598 quia
1058 1517 1114 1578 has

110 1615 282 1700 antimpato
313 1628 461 1693 suuumt,
496 1616 569 1680 ideo
599 1628 630 1680 et
659 1629 802 1680 naturam
833 1639 941 1681 rerum
971 1619 1116 1682 introdu-

110 1733 200 1797 cunt,
241 1743 321 1804 quae
350 1719 402 1782 isti
426 1719 575 1783 sumtioni
597 1721 784 1784 consentiat.
843 1721 963 1784 Dicunt
990 1721 1116 1787 interim

109 1847 144 1888 ea
171 1845 253 1908 quae
276 1844 335 1886 nee
364 1822 591 1905 consequentia
619 1835 711 1900 sunt,
751 1846 809 1886 nec
843 1838 1051 1889 consentanea
1079 1826 1115 1890 iis

109 1950 188 2012 quae
213 1927 311 2002 fiunt,
350 1937 381 1988 et
407 1925 438 1989 in
464 1926 639 2007 conspicuo
669 1939 742 1990 suut
765 1929 882 2010 posita.
937 1931 1019 1992 Nam
1045 1930 1116 1994 sia

108 2031 234 2094 ratione
263 2052 325 2114 qua
346 2029 398 2093 isti
427 2040 687 2112 argumentantur
710 2032 923 2114 argauuentari
946 2033 1037 2110 licet,
1076 2033 1115 2097 li·

109 2135 191 2198 cebit
211 2133 274 2195 iam
302 2132 405 2197 omnia
432 2153 512 2216 quae
534 2131 604 2194 fieri
626 2153 692 2195 non
717 2145 851 2214 possunt
870 2137 1010 2216 probare
1032 2156 1113 2211 esse,

107 2237 179 2301 idco
203 2239 291 2319 quod
311 2258 376 2300 non
404 2235 556 2297 credibile
588 2234 628 2298 sit
656 2256 694 2297 ea
725 2258 742 2299 a
767 2236 837 2299 Diis
860 2236 1016 2322 ignorari.
1062 2239 1116 2301 Sic

108 2341 219 2423 aliquis
239 2361 301 2422 pro
325 2351 415 2402 certo
434 2360 561 2401 sumens
582 2340 736 2402 absonum
759 2361 827 2402 csse
845 2362 863 2402 a
881 2340 951 2404 Diis
973 2333 1118 2426 ignorari

107 2445 281 2520 infinitum,
316 2444 403 2525 quod
431 2442 464 2505 in
489 2463 523 2504 se
547 2443 662 2506 habeat
690 2443 770 2505 certi
791 2444 916 2528 generis
939 2467 1113 2519 mensuras,

107 2572 184 2613 mox
208 2558 344 2610 assmnet
365 2545 440 2610 sciri
461 2567 556 2627 posse
579 2557 712 2628 quantae
736 2568 898 2609 mensurae
919 2547 960 2609 sit
980 2548 1015 2609 id
1029 2551 1116 2630 quod

107 2653 263 2716 infinitum
287 2662 353 2712 est:
377 2650 512 2732 quodsi
532 2651 596 2711 hoe
608 2649 684 2711 sciri
702 2661 827 2731 potest,
852 2662 941 2714 certo
960 2650 1116 2714 infinitum

106 2759 225 2824 habere
251 2753 413 2818 definitum
439 2775 657 2816 mensurarum
678 2754 785 2815 talium
809 2775 985 2817 numerum.
1031 2756 1114 2818 Nam

105 2860 132 2924 si
151 2859 185 2924 id
206 2858 350 2934 nonsit,
376 2857 437 2920 iam
463 2856 669 2941 ignoraniros
688 2857 796 2933 Deos,
822 2871 1007 2940 quantarum
1028 2879 1116 2921 men·

105 2985 252 3027 surarum
273 2963 313 3024 sit
331 2962 364 3026 id
382 2962 469 3044 quod
484 2972 530 3024 est
548 2959 715 3023 infinitum.
749 2960 1011 3044 Quandoquidem
1034 2983 1115 3025 vero
1182 3039 1186 3050 ¹

105 3087 281 3151 praenosse
303 3066 412 3129 futura
438 3077 486 3127 est
521 3085 558 3126 ea
583 3084 755 3145 praenosse
789 3063 894 3146 qualia
917 3073 989 3126 sunt
1012 3065 1117 3144 (aliud

105 3173 188 3236 enim
213 3182 262 3234 est
282 3189 474 3252 praenosse,
499 3167 583 3231 aliud
602 3167 739 3254 efficere)
758 3163 955 3228 manifestum
973 3168 1046 3231 hinc
1069 3181 1117 3231 est

106 3299 195 3352 eum,
222 3273 277 3357 qui
301 3271 470 3355 praenovit
491 3293 542 3334 res
564 3270 704 3354 ambigui
723 3282 854 3332 eventus
873 3291 924 3332 eas
943 3291 1115 3351 praenosse

105 3392 138 3444 ut
163 3379 258 3442 tales.
301 3377 378 3442 Non
405 3374 486 3436 enim
512 3375 546 3438 id
568 3374 608 3439 sit
626 3395 799 3456 praenosse
821 3371 853 3436 id
872 3376 959 3455 quod
978 3373 1117 3456 ambigui

105 3495 237 3550 eventus
257 3492 322 3556 est,
353 3478 457 3542 dicere
477 3479 656 3542 necessario
683 3479 836 3544 futurum.
881 3478 989 3557 Quare
1013 3489 1045 3538 et
1061 3476 1116 3540 Dii
1179 3549 1184 3558 ·

12 3607 14 3626 ¹
105 3609 185 3670 quae
212 3582 353 3668 ambigui
379 3595 452 3646 sunt
484 3591 851 3664 eventuspraenoscent
883 3591 919 3648 nt
944 3579 1038 3656 talia,
1077 3602 1115 3642 ac

103 3689 238 3772 proinde
263 3708 330 3756 nou
355 3686 485 3750 omnino
510 3684 623 3748 inferri
647 3684 767 3765 poterit
793 3683 962 3747 necessitas
993 3705 1034 3745 ex
1060 3682 1114 3746 tali

102 3773 325 3875 praenotione.
370 3792 414 3855 Et
440 3811 514 3854 sane
536 3788 582 3852 sio
612 3787 752 3850 audimus
774 3809 830 3850 eos
860 3788 967 3850 sutura
993 3787 1114 3868 praesi-

102 3896 267 3980 gnificare.
304 3893 387 3956 Nam
402 3893 457 3977 qui
478 3905 647 3976 postquam
674 3891 838 3954 consilium
865 3892 977 3953 dedere
1000 3892 1038 3952 ad
1058 3891 1112 3951 de·
1143 3969 1144 3978 ἵ

101 3999 229 4085 liganda
251 4009 283 4062 et
313 4000 433 4084 agenda
462 4017 601 4084 eaquae
628 4015 723 4078 agere
750 3993 894 4076 expedit,
930 3993 1116 4077 praedicunt
1189 3998 1191 4001 ’
