2728 4758
250 369 311 482 να

252 579 366 680 ίίρονς,
388 587 579 672 κοινωνοῦσι
593 591 663 663 τοῖς
683 579 922 680 πλησιοχώροις
943 581 1058 679 ἑορτήν
1079 612 1152 658 τινα
1173 585 1246 656 ταύ-

250 715 310 774 την
331 687 538 778 ἡγουμένοις·
560 689 593 770 ἐξ
613 680 657 757 ῶν
678 685 974 777 συλλαμβάνουσαι
991 687 1248 784 ὑποστρέφουσι,

251 801 306 862 καλ
339 789 524 880 ἀναγκαίως
552 793 586 860 έν
612 793 657 859 ἐν)
685 793 789 884 καιρῷ
817 787 1057 862 ύποκυίσκουσι
1084 791 1170 862 κατὰ
1196 791 1250 861 τὸν

250 899 310 979 τῆς
331 891 460 990 φύσεως
480 890 599 982 νόμον,
623 899 678 962 καλ
703 891 780 973 τούς
799 901 861 982 μὲν
881 900 1097 984 γεννωμένους
1118 893 1251 988 ίίῤῥενας

251 1001 405 1090 ῥίπτουσι
425 1000 487 1079 ¹⁹),
508 995 567 1076 τὰς
588 1000 624 1064 δὲ
645 998 787 1078 θηλείας
808 993 1051 1092 ύνατρέφουσι·
1081 1000 1252 1088 πολεμικαὶ

251 1105 289 1170 δέ
315 1103 379 1168 έισι
411 1103 467 1168 καὶ
501 1099 689 1188 γυμνασίων
719 1099 972 1191 προνοούμεναι.
1019 1098 1141 1194 Ἑρμῆς
1172 1101 1252 1191 μετὰ,

247 1201 451 1296 Ἀφροδίτης
472 1205 506 1271 ἐν
527 1199 630 1281 ὀίκοις
640 1197 762 1294 Ἑρμοῦ
783 1208 873 1271 ποιεῖ
889 1199 1040 1284 πλάστας
1060 1213 1116 1273 καὶ
1134 1199 1254 1297 ζωγριῶ

250 1332 355 1402 ρους,
385 1313 442 1374 καὶ
462 1305 671 1398 τραπεζίτας·
703 1307 738 1373 έν
758 1302 861 1384 ὀίκοις
882 1309 918 1374 δέ
934 1303 1140 1402 Ἀφροδίτης
1159 1332 1253 1399 μυρτ-

250 1407 357 1506 ιμοίις,
378 1415 434 1478 καλ
455 1403 652 1503 φανείσιιους
672 1411 728 1475 καὶ
749 1403 929 1501 ὑποκριτὰς
949 1407 1153 1499 ποιημάτιον.
1187 1412 1255 1478 Καὶ

250 1511 344 1606 παρὰ
369 1516 504 1590 Ταὶνοῖς
524 1508 574 1594 22)
596 1516 651 1578 καί
672 1510 889 1602 Σαρακηνοῖς
908 1510 955 1594 ²¹)
979 1515 1036 1580 καὶ
1057 1515 1092 1582 έν
1113 1514 1154 1610 τῇ
1174 1508 1256 1580 ῶνα-

251 1621 333 1708 τέρα
352 1610 482 1708 Λιβύη,
503 1618 561 1681 καὶ
580 1610 674 1702 παρ’ύι
687 1609 859 1705 Μαύροις,
882 1618 939 1682 καλ
959 1613 1052 1708 παρὰ
1074 1612 1259 1708 τοῖςπαρύι

251 1715 422 1806 τὸ-στύμα
439 1714 600 1785 Ὠκεανοῦ
620 1712 774 1804 Νομύσι,
810 1723 867 1785 καί
895 1719 929 1786 έν
955 1720 995 1814 τῇ
1016 1719 1158 1812 ἐξωτέρα
1178 1723 1257 1811 Γερ·

248 1822 371 1914 μανία,
393 1825 449 1889 καὶ
471 1821 504 1887 έν
524 1820 564 1914 τῇ
586 1815 735 1912 ἆνωτέρρι
748 1820 953 1913 Σαρματίρι,
974 1827 1031 1889 καὶ
1052 1824 1087 1890 έν
1108 1825 1259 1918 τῇΣκυα

249 1926 336 2017 θέᾳ,
372 1930 440 1992 καλ.
455 1925 488 1991 έν
512 1924 596 2019 πᾶσι
616 1928 688 2001 τοῖς
708 1924 742 2004 ἐξ
756 1919 938 2015 Ἀρκτικῶν
957 1926 1064 2016 μερῶν
1086 1927 1148 1992 τοῦ
1168 1921 1257 1994 Πύν-

151 2071 156 2084 ·
251 2030 311 2095 τοῦ
333 2028 464 2108 ἔθνεσι,
499 2031 555 2094 καὶ
576 2017 638 2120 ὅλη
658 2027 699 2120 τῇ
714 2021 856 2118 Ἀλανίᾳ
878 2026 929 2108 22)
950 2033 1006 2095 καὶ
1023 2024 1194 2121 Ἀλβανίιγ
1212 2027 1258 2112 23)

251 2137 307 2198 καὶ
324 2127 447 2226 Ὠτηνῇ
467 2123 517 2214 ²⁴)
538 2134 594 2197 καὶ
614 2123 752 2222 Σαυνίρι
772 2128 821 2212 25)
844 2135 900 2197 καὶ
921 2133 955 2198 έν
978 2134 1098 2227 Χρυσῇ
1119 2127 1171 2216 22)
1201 2128 1257 2199 ούιι

251 2232 341 2303 ἔστιν
362 2237 458 2316 ίὸεῖν,
480 2231 519 2300 οὐ
534 2234 751 2325 τραπεζίτην,
772 2229 812 2300 οὐ
826 2229 992 2333 πλάστην,
1014 2231 1053 2301 ού
1069 2231 1258 2330 ζῶγραφον,

251 2334 313 2406 οὐκ
340 2333 573 2429 ἀρχιτέκτονα,
610 2331 649 2403 ού
671 2338 870 2427 γεωμέτρην,
903 2332 941 2404 ού
971 2332 1168 2430 φύνασκον.
1189 2335 1260 2428 Ισύγ

251 2433 664 2532 ύποκριτηνῑποιημοίτων
699 2433 769 2505 ἀλλ’
794 2440 965 2531 ἐστέρηται
986 2435 1005 2506 ὁ
1028 2443 1089 2523 τῆς
1110 2443 1174 2509 τού
1190 2437 1262 2529 Ἑρ-

252 2545 319 2633 μοῦ
340 2549 395 2611 καὶ
415 2545 475 2625 τῆς
491 2539 695 2636 Ἀφροδίτης
716 2543 877 2632 ἐνεργείας
905 2538 1027 2635 τρόπος
1054 2547 1089 2613 έν
1120 2538 1187 2638 ὅλῳ
1219 2544 1262 2637 τῷ

253 2644 361 2742 κύκλῳ
386 2641 493 2738 τούτῳ
519 2647 579 2728 τῆς
605 2641 805 2733 οἰκουμένης.
851 2645 891 2712 Οἱ
911 2649 1026 2728 Μῆδοι
1047 2643 1175 2728 πάντες
1196 2654 1262 2725 τοῖς

177 2779 185 2793 ·
250 2748 502 2840 μετὰσπουὸἣς
522 2751 738 2842 τρεφομένοις
763 2753 838 2816 κυσὶ
864 2745 942 2827 τούς
969 2747 1105 2842 νεκροὺς
1134 2752 1185 2820 ἔτι
1211 2753 1264 2840 ἐμ

250 2857 409 2932 πνέοντας
429 2847 702 2940 παραβάλλουσι·
739 2856 795 2918 καὶ
816 2846 856 2918 ού
876 2847 995 2932 πάντες
1016 2850 1078 2922 σύν
1100 2857 1143 2950 τῇ
1164 2848 1279 2947 ΜήνηΙ

250 2953 312 3023 τὸν
333 2952 436 3048 Ἀρέα
465 2956 662 3049 ε’φημερινῆς
689 2959 840 3042 γενέσεως
867 2957 901 3023 έν
928 2957 1087 3049 Καρκίνῳ
1117 2955 1185 3025 ὑπὸ
1205 2957 1265 3045 γῆν

249 3057 390 3148 ἔχουσιν.
406 3055 511 3127 Ἰνδοὶ
532 3055 609 3137 τούς
629 3055 761 3150 νεκρούς
782 3059 933 3140 καίουσι,
954 3056 1033 3148 μεθ’
1058 3050 1106 3128 ῶν
1128 3060 1263 3148 συγκαί-

251 3185 329 3231 οοσι
349 3157 488 3242 ἑκούσας
508 3158 570 3240 τὰς
589 3167 765 3248 γυναῖκας·
802 3167 858 3228 καὶ
886 3157 925 3228 ού
954 3157 1060 3244 δήπου
1090 3165 1204 3232 πᾶσαν
1231 3165 1265 3230 αί

250 3262 426 3356 καιόμεναι
446 3267 548 3348 ζῶσαι
563 3261 680 3332 Ἰνδῶν
700 3268 851 3350 γυναῖκες
864 3264 1001 3352 ,ἔχουσιν
1025 3260 1092 3332 ύτιὸ
1122 3269 1188 3354 γῆν
1215 3269 1264 3332 ἐπὶ

251 3372 439 3462 νυκτερινῆς
465 3371 617 3457 γενέσεως
644 3363 812 3462 σύν”Αρει
840 3362 897 3434 τὸν
910 3359 1033 3434 Ἥλιον
1066 3371 1102 3436 έν
1125 3375 1265 3448 Λέοντι,

251 3469 357 3565 ὁρίοις
375 3469 505 3566 Ἄρεος.
546 3470 723 3560 Γερμανῶν
744 3473 776 3536 οί
797 3470 943 3538 πλείστοι
972 3465 1182 3566 ἆγχονιμαίῳ
1205 3467 1264 3560 μό·

250 3599 300 3669 ρῳ
322 3570 578 3658 ἀποθνήσκουσι
606 3570 655 3655 27)
684 3576 740 3638 καὶ
761 3566 800 3640 ού
821 3568 950 3651 πάντας
972 3570 1009 3639 τὸ
1030 3577 1177 3656 πλῆθος
1205 3575 1268 3641 τῶν

252 3679 428 3771 Γερμανῶν
455 3675 514 3760 τὴν
534 3671 687 3758 Σελήνην
713 3681 770 3742 καί
796 3671 856 3757 τὴν
880 3668 969 3767 ίίραν
989 3681 1267 3765 μεσολαβομένας

251 3776 318 3850 ὑπὸ
339 3777 475 3870 Κρόνον
502 3784 559 3846 καὶ
572 3775 694 3870 ’Ἁριος
721 3777 794 3867 ἔχει.
836 3783 946 3848 Παντὶ
974 3777 1070 3846 ἔθνει
1094 3776 1267 3871 καὶπιίση

247 3879 361 3976 η’μέρςι
382 3889 437 3951 καὶ
458 3887 557 3948 παντὶ
577 3877 668 3971 τόπῳ
690 3883 748 3963 τῆς
769 3885 920 3974 γινέσεως
941 3885 991 3962 ²⁸)
1012 3884 1198 3969 γεννῶνται
1211 3879 1268 3948 ἄν·

250 3991 406 4079 θραποι·
443 3989 559 4076 κρατεῖ
576 3987 613 4052 δέ
637 3987 674 4051 ἐν
702 3979 821 4079 ἑκάστη
852 3985 954 4075 μοίρᾳ
983 3987 1047 4053 τῶν
1070 3981 1268 4078 ἀνθρώπια
