2758 4760
248 413 310 474 146

245 687 350 762 ἐστιν,
384 677 426 760 ὡς
443 683 524 798 μηδὲ
551 673 628 755 τοὺς
653 674 697 742 τά
717 677 774 754 τῆς
802 667 997 762 εἰμαρμένης
1027 665 1071 747 ὡς
1092 667 1259 755 ἀναγκαῖα

245 782 331 852 πάνυ
357 779 527 901 κρατύνειν
553 773 772 870 πειρωμένους
794 778 836 854 ¹³)
824 769 1067 859 )ἀντιβλείιειν
1088 769 1260 840 δύνασθαι

246 890 326 953 τάδε
349 911 394 977 τῳ
379 880 568 972 δόγματι.
606 877 713 950 Αλλόι
733 875 798 965 μὴν
819 903 847 942 ει
861 899 949 943 εστιν
964 872 1013 994 ἐφ’
1035 871 1112 964 ιἰμῑν
1133 900 1183 956 τι,
1205 881 1261 942 καὶ

248 990 344 1056 τοῦτο
367 993 441 1077 περὶ
468 980 573 1051 ταῦτά
600 985 670 1049 εστι
678 1032 686 1061 ,
719 1007 787 1071 ιιαρ
829 973 852 1044 6
886 986 941 1045 καὶ
971 975 1030 1060 τὴν
1063 973 1262 1069 ἑιμαρμένην
1308 977 1312 984 '
1348 1026 1355 1066 3

247 1095 329 1157 ε’ῑναι
358 1083 577 1174 συμβέβηκεν,
610 1082 793 1176 ἀναιρεῖται
814 1078 857 1148 τά
873 1078 933 1164 τὴν
903 1077 1157 1204 γείιιαρμένην
1173 1077 1261 1148 άιτα-
1314 1093 1317 1100 “

250 1186 399 1314 ράβατόν
416 1215 450 1256 τε
472 1195 527 1256 καὶ
549 1183 717 1256 ἀκώλυτον
741 1211 797 1252 και
819 1181 1000 1270 ἀναγκαῖον
1015 1185 1111 1250 ἐῐυαι
1133 1185 1176 1250 66
1194 1180 1260 1274 γάρ

249 1291 341 1384 ἡμεῖς
360 1296 454 1380 ἐσμὲν
476 1289 576 1382 ἀρχαὶ
593 1286 734 1357 ἑλέσθαι
757 1314 790 1354 τε
812 1294 868 1355 καὶ
885 1314 946 1406 μη,
968 1288 1074 1352 ταῦτα
1097 1282 1263 1352 ἀδύνατον

249 1392 531 1483 κατηναγκάσθαι
564 1389 678 1479 λέγειν.
731 1388 905 1471 Λλλάγ
860 1387 926 1479 μὴν
951 1385 1075 1476 ἀνάγκη
1107 1395 1177 1467 τοῖς
1210 1385 1264 1455 λέ-

250 1523 347 1587 γουσι
370 1497 429 1579 τὴν
453 1490 650 1586 ἑιμαρμέυην
679 1496 782 1571 ε’ἴνιιι,
817 1499 891 1584 ιιερὶ
912 1493 1019 1559 ταῦτα
1040 1488 1144 1580 λέγειν
1162 1493 1263 1573 ε’ῐναι,

247 1608 319 1693 περὶ
331 1595 360 1667 '6
380 1605 437 1665 καὶ
458 1596 502 1664 τά
522 1593 571 1691 ἐφ’
590 1593 675 1686 ἡμῖν.
713 1593 796 1662 Ἐἱτε
815 1595 879 1688 γάρ
898 1593 942 1662 τά
959 1593 1034 1678 τέλη
1052 1592 1139 1684 μόνα
1159 1597 1264 1682 γίγνε-

248 1710 338 1772 σθαι
363 1697 485 1769 καθ’
471 1697 668 1792 ειμαρμένην
690 1695 902 1786 λέγοιμεν,
886 1724 947 1766 ειτε
967 1705 1022 1766 και
1041 1696 1100 1776 τάς
1120 1695 1265 1790 πράξεις,

248 1805 302 1885 άῑς
325 1809 470 1874 ἕπεσθαι
490 1802 533 1870 τά
559 1800 635 1885 τέλη
659 1799 883 1892 συμβέβηκεν,
906 1797 1103 1895 ἀμφοτέρως
1122 1797 1265 1912 ἀκολου-1

251 1913 314 1978 θεῖ
327 1914 399 2003 περὶ
420 1905 462 1973 τά
487 1903 574 1974 ἀυτά
595 1902 749 1993 λέγειν’“
718 1931 801 1972 ειναι
824 1902 883 2025 την
901 1901 1118 1997 ἑιμαρμένην,
1146 1931 1220 1996 ιιερι
1241 1888 1265 1970 ά

250 2017 305 2078 καὶ
323 2008 366 2078 τά
387 2007 436 2103 ἐφ
461 2004 549 2097 ἡμῖν.
589 2005 645 2076 Ει
664 2004 724 2097 μέν
750 2005 808 2075 666
825 2006 885 2087 τάς
902 2003 1034 2099 πράξεις
1047 2004 1166 2075 καθ’
1150 2025 1266 2133 ειμοιρὲ

249 2111 350 2203 μένην
370 2109 459 2238 λέγοι
485 2138 556 2194 τις,
588 2107 738 2179 ἀυτόθεν
763 2109 918 2193 δῆλον
886 2137 923 2178 το
949 2113 1108 2200 κείμενον
1142 2115 1176 2179 ἐν
1200 2110 1276 2236 γάρ.

250 2213 388 2294 ταύταις
406 2222 475 2281 εστι
487 2221 542 2281 και
556 2240 594 2280 το
614 2211 662 2306 ἐφ’
683 2211 775 2302 ἡμῖν·
806 2218 886 2282 εἰδὲ
872 2212 950 2282 ὲτά
971 2211 1047 2297 τέλη
1072 2210 1191 2302 μόνον,
1222 2204 1267 2281 ὧν

253 2325 289 2387 αἱ
315 2315 448 2410 προέξεις
466 2313 581 2408 χάριν,
611 2314 800 2385 ἀκολουθεῖ
816 2320 851 2384 δὲ
870 2322 946 2396 ταῖς
963 2321 1104 2396 τοιαῖςδε
1130 2315 1266 2408 πράξεσι

251 2420 294 2490 τά
318 2416 431 2488 τοιάδε
462 2415 537 2500 τέλη
568 2415 620 2500 (οὐ
645 2417 709 2510 γάρ
732 2419 772 2504 δὴ
798 2426 867 2499 τοῖς
893 2417 1038 2500 ὁιιωςοῠν
1063 2426 1267 2512 πραχθεῖσιν

255 2529 366 2593 έιιεται
387 2519 508 2589 τάντόν
530 2517 637 2604 τέλος)
659 2519 785 2611 ἀνάγκη
803 2530 858 2591 καὶ
873 2522 932 2603 τάς
947 2519 1097 2616 πράξεις,
1118 2521 1172 2603 άῐς
1187 2521 1268 2590 ἀκο-

195 2643 201 2652 ’
256 2621 422 2708 λουθησει
444 2622 644 2692 τὰτοιαῦτα
669 2623 767 2709 τέλη,
796 2628 1035 2715 καθείμαρθαι
1058 2623 1172 2714 λέγειν.
1221 2625 1267 2694 06

222 2729 224 2734 ’
253 2728 318 2821 γάρ
336 2722 563 2809 ἀκολουθήσει
577 2726 616 2794 τὸ
635 2724 717 2796 καθ’
737 2726 932 2822 εἰμαρμένην
954 2727 1047 2809 τέλος
1062 2727 1108 2819 μι)
1122 2756 1270 2822 προηγη-

189 2874 193 2880 -
253 2827 403 2920 σαμένιιν
425 2831 488 2897 τῶν
511 2832 681 2898 ἐπὶτοῦτο
704 2829 855 2920 άγουσῶν
879 2827 1039 2926 πράξεων·
1072 2839 1128 2899 καὶ
1150 2830 1190 2899 τό
1215 2830 1266 2926 ἐφ’

251 2931 331 3047 ἡμῖν
352 2937 388 3002 δὲ
409 2938 482 3025 ιτερὶ
503 2926 716 3002 rafim-‘¹06
741 2931 805 3062 γάρ
828 2937 896 3003 ἐστι’
918 2962 951 3004 τι
973 2932 1022 3064 ἐφ’
1050 2933 1145 3062 ἡμῖν,
1167 2938 1270 3018 δῆλον

253 3033 309 3105 κόιι
336 3038 369 3102 66
394 3032 545 3104 66666’
523 3062 564 3104 αν
591 3033 739 3125 γένοιτο,
775 3041 837 3127 ε’ἰγε
866 3041 918 3106 δεῖ
941 3041 1099 3126 περιιόν
1124 3041 1269 3131 ἐναργῶν

251 3137 433 3221 ἀποδειξεσι
453 3140 620 3231 χρῆσθαι.
654 3140 716 3208 Ἕκ
738 3168 771 3209 τε
785 3139 849 3235 γάρ
874 3167 931 3208 του
917 3143 1031 3263 μηδὲ
1035 3167 1052 3208 ν
1067 3171 1091 3230 μ
1094 3149 1127 3209 ἑν
1145 3144 1208 3210 τῶν
1224 3147 1268 3222 ¹9)

256 3239 321 3310 666
350 3243 408 3323 τῆς
433 3237 562 3334 φάσεως
578 3241 837 3367 προηγουμένως
851 3231 1058 3366 γιγνομένων
1086 3248 1269 3331 γίγνεσθαι

256 3341 380 3434 μάτην,
416 3345 508 3411 ἕνδὲ
494 3351 606 3424 ἑτοῖς
627 3342 863 3438 ἀνθρώποις”
844 3373 882 3416 ον
906 3347 954 3431 ²⁰)
940 3346 1019 3431 )τό
1040 3344 1270 3434 βουλεύεσθαι

256 3442 355 3539 φύσει
367 3498 376 3529 ,
405 3443 442 3515 66
467 3449 503 3516 δὲ
523 3454 580 3515 καὶ
597 3451 643 3531 ²¹)
662 3445 905 3540 προηγούμενον
927 3451 1022 3542 ἔργον
1046 3453 1104 3534 τῆς
1128 3447 1269 3545 φάσεως,

157 3613 160 3618 .
256 3551 284 3618 ἒέ
307 3577 344 3637 γε
362 3545 467 3642 τούτῳ
487 3552 578 3617 δοκεῖ
594 3548 740 3638 μάλιστα
761 3555 825 3620 τῶν
847 3550 954 3621 ἀλλων
976 3549 1063 3636 ζαέων
1085 3550 1270 3646 ἅνθρωπος

255 3647 446 3746 διαφέρειν,
467 3648 575 3740 μάτην
595 3655 738 3740 γίγνεται
759 3652 946 3742 [γεγονότος
958 3657 1067 3737 κενῶς]
1091 3655 1182 3739 ²²)
1166 3683 1195 3723 ει
1206 3685 1270 3746 μη

255 3756 353 3822 δὲν’
338 3779 372 3820 ιιι
404 3755 462 3836 τῆς
492 3753 663 3840 βουλῆς
647 3783 665 3824 ο
697 3755 934 3879 βουλευόμενος
966 3755 1109 3827 ἑλέσθαι
1145 3756 1269 3852 κόριος

249 3853 417 3928 Ἀλλά
378 3883 442 3948 γαρ
470 3851 512 3936 ὡς
530 3857 655 3945 ἔχοντες
678 3857 797 3929 τούτου
818 3859 877 3944 τὴν
895 3863 1042 3944 ἐξουσίαν
1059 3859 1141 3945 ²⁵)’
1122 3865 1244 3930 αυτοὶ
1233 3889 1268 3949 ,ε

256 3953 306 4053 έφ
325 3951 437 4030 ἀυτῶν
454 3955 690 4050 βουλευόμεθα
712 3990 785 4060 περι
805 3965 869 4036 τῶν
889 3959 1059 4057 πρακτέων
1081 3962 1220 4052 ἡμῖν,α
1198 3913 1268 4032 αλλ’
