2758 4760
1080 401 1139 470 141

134 560 307 642 ruptione,
344 582 440 643 quare
470 562 500 624 in
535 562 581 625 his
620 565 731 626 Fatum
762 567 952 630 versabitur.
1018 569 1141 631 Verum

135 685 231 746 quum
259 685 300 726 ex
321 664 368 726 his
395 670 545 748 quaedam
574 667 606 728 in
639 680 708 736 arte¹
733 679 763 730 et
789 670 911 732 ratione
932 651 1064 753 quadain
1090 693 1142 734 ara

133 765 276 842 tifieiali,
315 772 467 850 quaedam
492 793 534 834 eu
559 771 746 852 proposito,
783 775 933 856 quaedam
959 795 1000 836 ex
1031 786 1143 840 natura

133 869 231 945 fiant,
268 871 528 934 considerandum
554 885 601 934 est
630 873 661 935 iu
694 897 828 957 quonam
865 879 978 940 horum
1004 877 1043 938 sit
1076 879 1139 940 Fa·

134 984 219 1048 tum,
244 973 292 1049 si,
316 987 350 1036 ut
370 975 402 1036 in
420 975 564 1038 omnibus
587 977 645 1052 sit,
669 977 863 1059 impossibile
882 992 940 1040 est.
985 981 1050 1042 Res
1066 1002 1140 1044 sane

135 1097 215 1158 quae
237 1098 277 1138 ex
297 1089 363 1140 arte
384 1078 481 1154 fiunt,
505 1079 532 1141 si
553 1079 621 1162 quis
640 1083 809 1142 secundnm
827 1083 939 1143 Fatum
961 1095 992 1143 et
1020 1105 1088 1146 esse
1111 1095 1143 1146 et

133 1178 205 1242 fieri
223 1192 357 1256 asserat,
397 1202 593 1264 nequaquam
613 1182 813 1263 opinionibus
840 1187 877 1244 de
899 1185 981 1248 Fato
1005 1205 1139 1250 consen-

132 1282 201 1344 tiet.
247 1283 426 1346 Ridiculum
454 1284 571 1366 quippe
597 1298 644 1347 est
666 1286 780 1348 lectum
804 1298 856 1348 aut
878 1308 1037 1349 scamnum
1058 1289 1141 1352 Fato

132 1384 253 1446 sactum
278 1407 346 1448 esse
372 1387 476 1450 dicere
498 1399 551 1450 aut
571 1389 671 1468 lyram
693 1388 897 1453 modulationi
920 1393 1139 1453 accommoda·

131 1499 196 1550 tam
218 1493 387 1554 seeundum
414 1493 549 1566 Fatum3
586 1491 629 1554 ita
658 1492 739 1554 enim
763 1492 862 1555 omnis
889 1514 939 1554 ars
967 1493 1049 1555 Fato
1072 1514 1140 1556 esse

131 1591 267 1654 dicetur.
311 1593 396 1673 Quin
424 1614 464 1657 ne
494 1616 530 1658 ea
555 1595 679 1678 quidem
709 1617 843 1678 quorum
867 1617 960 1682 causa
990 1607 1037 1657 est
1061 1617 1139 1678 prlo-

131 1695 289 1776 positum,
320 1697 402 1761 Fato
432 1719 501 1760 esse
529 1711 674 1779 possunt.
719 1699 844 1761 Horum
874 1698 955 1760 enim
986 1699 1018 1762 in
1047 1698 1141 1762 nobis

131 1797 320 1880 principium
348 1811 413 1876 est,
451 1789 517 1864 non
539 1814 642 1864 autem
664 1800 881 1875 extrinsecus;
920 1803 1034 1864 Fatum
1062 1823 1141 1865 vero

131 1901 163 1962 in
184 1914 298 1965 nostro
324 1902 456 1967 arbitrio
478 1927 542 1967 non
565 1916 625 1967 est.
670 1905 751 1966 Nam
778 1901 837 1966 etsi
857 1904 970 1966 Fatum
996 1904 1139 1968 circaea

132 2018 296 2081 versetur,
322 2007 407 2070 eirca
429 2029 508 2090 quae
530 2019 675 2072 versatur
697 2006 789 2068 etiam
810 2006 943 2068 liberum
961 2007 1137 2098 arbitrium,
1176 1992 1179 1997 ’

132 2093 237 2172 tamen
266 2108 371 2172 differt
395 2133 412 2172 a
435 2110 538 2173 libero
568 2109 713 2172 arbitrio.
770 2109 859 2188 Quae
886 2109 1047 2192 igiturex
1071 2122 1138 2173 arte

131 2223 163 2272 et
185 2212 355 2294 proposito
373 2214 469 2289 fiunt,
501 2235 519 2276 a
540 2215 623 2278 Fato
644 2213 813 2275 auferenda
837 2223 932 2275 suut:
965 2210 1013 2274 his
1035 2223 1139 2276 autem

132 2314 267 2392 ablatis,
291 2315 488 2399 reliquuntur
511 2339 564 2392 ea,
589 2338 724 2401 quorum
744 2314 953 2400 generationis
976 2327 1138 2378 causaest

131 2430 270 2495 natura,
319 2419 350 2481 in
386 2441 465 2502 quae
498 2421 611 2484 Fatum
643 2420 809 2502 imperium
843 2420 959 2480 habere
1000 2405 1138 2481 videtur.

134 2521 258 2604 siquis
278 2534 381 2585 autem
402 2523 541 2586 exactius
565 2535 597 2586 et
620 2523 797 2607 diligentius
824 2522 997 2605 disquirere
1019 2522 1138 2594 volue-

132 2625 175 2687 rit
198 2647 251 2688 eas
276 2627 462 2704 sententias,
498 2627 582 2711 quae'
600 2630 637 2690 de
660 2629 743 2690 Fato
769 2624 916 2689 recitatae
942 2635 1035 2700 sunt,
1074 2646 1140 2687 nou

131 2728 218 2792 eirea
243 2730 302 2794 alia
328 2751 430 2814 neque
458 2731 490 2794 iu
521 2731 587 2795 aliis
610 2732 693 2814 ipsas
722 2715 858 2793 inveniet
884 2731 998 2792 Fatum
1020 2727 1138 2790 eonsti-

133 2844 240 2910 tuere,
276 2848 368 2916 quam
396 2835 428 2897 in
453 2834 490 2898 iis
515 2857 595 2918 quae
625 2833 808 2898 naturaliter
829 2833 920 2895 fiunt.
946 2894 949 2902 ,
974 2833 1018 2896 Et
1044 2831 1075 2893 in
1100 2829 1138 2893 iis

116 2935 210 3017 .lpsis
231 2937 417 3018 praesertim
446 2938 628 3001 animalibus
659 2950 690 3000 et
722 2957 801 3018 quae
833 2957 875 2998 ex
903 2956 1012 2998 eorum
1041 2934 1139 2998 colla·

74 3041 79 3052 '
132 3037 220 3100 tione
247 3053 449 3124 generantur.
494 3043 607 3124 Neque
630 3039 711 3103 enim
735 3039 883 3102 usitatum
908 3049 977 3113 est,
1011 3049 1045 3100 ut
1065 3059 1137 3100 mu-

62 3196 63 3201 ,
134 3153 219 3204 tuam
251 3143 477 3208 elementorum
508 3142 801 3208 transmutationem
826 3142 908 3204 Fato
945 3139 1014 3202 lieri
1054 3139 1137 3204 dica-

132 3266 215 3306 mus.
260 3243 342 3310 Cum
370 3247 475 3330 itaque
501 3251 613 3314 Fatum
638 3248 669 3310 in
700 3245 737 3308 iis
767 3257 911 3310 versetur
937 3263 1017 3326 quae
1036 3263 1138 3323 ‘supra

133 3349 399 3426 memoravimus,
434 3372 565 3434 eumque
590 3353 622 3414 id
648 3352 818 3413 delaratmu
848 3347 909 3422 sit,
944 3364 1139 3427 consequeus

131 3450 208 3512 hino
233 3464 315 3518 esset
337 3474 506 3536 quaerere,
544 3467 649 3517 utrum
673 3454 736 3516 tale
760 3449 905 3526 exsistat,
940 3460 974 3510 ut
994 3467 1138 3513 necessa·

59 3623 61 3630 s
133 3552 217 3615 rium
239 3575 276 3622 ac
297 3555 476 3620 inevitabile
498 3556 556 3633 sit,
581 3570 616 3619 ut
637 3569 732 3639 poeta
753 3553 864 3638 inquit.
893 3584 897 3592 ·
1091 3540 1094 3546 ¹

129 3693 135 3698 ·
208 3669 280 3721 Non
301 3676 447 3740 qm'squam
464 3675 569 3726 Fatum
589 3672 695 3738 bonus,
714 3679 766 3721 ant
785 3677 826 3722 sit
844 3669 1066 3738 pessimatur,

209 3771 356 3824 Devitare
374 3781 487 3841 potest,
507 3774 554 3828 uhi
570 3780 695 3848 primum
714 3775 823 3826 viderit
843 3789 940 3826 arnas.
