<?xml version="1.0" encoding="UTF-8"?>
<!DOCTYPE html PUBLIC "-//W3C//DTD XHTML 1.0 Transitional//EN"
    "http://www.w3.org/TR/xhtml1/DTD/xhtml1-transitional.dtd">
<html xmlns="http://www.w3.org/1999/xhtml" xml:lang="en" lang="en">
 <head>
  <title>
</title>
<meta http-equiv="Content-Type" content="text/html;charset=utf-8" />
  <meta name='ocr-system' content='tesseract 3.04.00' />
  <meta name='ocr-capabilities' content='ocr_page ocr_carea ocr_par ocr_line ocrx_word'/>
</head>
<body>
  <div class='ocr_page' id='page_1' title='image "./alexandriaphrod00bardgoog_0191.png"; bbox 0 0 2728 4758; ppageno 0'>
   <div class='ocr_carea' id='block_1_1' title="bbox 1049 435 1107 498">
    <p class='ocr_par' dir='ltr' id='par_1_1' title="bbox 1049 435 1107 498">
     <span class='ocr_line' id='line_1_1' title="bbox 1049 435 1107 498; baseline 0.121 -7"><span class='ocrx_word' id='word_1_1' title='bbox 1049 435 1107 498; x_wconf 80' lang='lat'>175</span> 
     </span>
    </p>
   </div>
   <div class='ocr_carea' id='block_1_2' title="bbox 1 577 1112 1304">
    <p class='ocr_par' dir='ltr' id='par_1_2' title="bbox 1 577 1112 1304">
     <span class='ocr_line' id='line_1_2' title="bbox 1 577 1110 685; baseline 0.01 -29"><span class='ocrx_word' id='word_1_2' title='bbox 1 577 2 586; x_wconf 8' lang='grc' dir='ltr'>ἵ</span> <span class='ocrx_word' id='word_1_3' title='bbox 107 594 200 658; x_wconf 84' lang='lat' dir='ltr'>ctiam</span> <span class='ocrx_word' id='word_1_4' title='bbox 224 613 330 658; x_wconf 86' lang='lat' dir='ltr'>earum</span> <span class='ocrx_word' id='word_1_5' title='bbox 352 605 525 676; x_wconf 75' lang='lat' dir='ltr'><strong>potestates</strong></span> <span class='ocrx_word' id='word_1_6' title='bbox 548 605 640 679; x_wconf 78' lang='lat' dir='ltr'>atque</span> <span class='ocrx_word' id='word_1_7' title='bbox 671 606 780 674; x_wconf 86' lang='lat' dir='ltr'>actus,</span> <span class='ocrx_word' id='word_1_8' title='bbox 820 612 885 662; x_wconf 91' lang='lat' dir='ltr'>tum</span> <span class='ocrx_word' id='word_1_9' title='bbox 915 602 968 685; x_wconf 85' lang='lat' dir='ltr'>qui</span> <span class='ocrx_word' id='word_1_10' title='bbox 997 623 1110 667; x_wconf 91' lang='lat' dir='ltr'>secun-</span> 
     </span>
     <span class='ocr_line' id='line_1_3' title="bbox 107 698 1110 790; baseline 0.009 -28"><span class='ocrx_word' id='word_1_11' title='bbox 107 701 180 762; x_wconf 89' lang='lat' dir='ltr'>dum</span> <span class='ocrx_word' id='word_1_12' title='bbox 208 709 370 774; x_wconf 89' lang='lat' dir='ltr'>naturam,</span> <span class='ocrx_word' id='word_1_13' title='bbox 407 710 473 762; x_wconf 88' lang='lat' dir='ltr'>tum</span> <span class='ocrx_word' id='word_1_14' title='bbox 502 698 556 783; x_wconf 91' lang='lat' dir='ltr'>qui</span> <span class='ocrx_word' id='word_1_15' title='bbox 584 709 712 781; x_wconf 85' lang='lat' dir='ltr'>praeter</span> <span class='ocrx_word' id='word_1_16' title='bbox 736 713 879 768; x_wconf 84' lang='lat' dir='ltr'>naturam</span> <span class='ocrx_word' id='word_1_17' title='bbox 901 717 990 782; x_wconf 90' lang='lat' dir='ltr'>sunt,</span> <span class='ocrx_word' id='word_1_18' title='bbox 1030 727 1110 790; x_wconf 85' lang='lat' dir='ltr'>quae</span> 
     </span>
     <span class='ocr_line' id='line_1_4' title="bbox 107 801 1111 884; baseline 0.012 -22"><span class='ocrx_word' id='word_1_19' title='bbox 107 801 233 884; x_wconf 84' lang='lat' dir='ltr'>quidem</span> <span class='ocrx_word' id='word_1_20' title='bbox 268 814 399 884; x_wconf 85' lang='lat' dir='ltr'>praeter¹</span> <span class='ocrx_word' id='word_1_21' title='bbox 427 814 570 866; x_wconf 85' lang='lat' dir='ltr'>naturam</span> <span class='ocrx_word' id='word_1_22' title='bbox 608 802 691 867; x_wconf 89' lang='lat' dir='ltr'>dicta</span> <span class='ocrx_word' id='word_1_23' title='bbox 725 805 903 884; x_wconf 72' lang='lat' dir='ltr'>necessario</span> <span class='ocrx_word' id='word_1_24' title='bbox 939 811 1111 874; x_wconf 81' lang='lat' dir='ltr'>cohaerent</span> 
     </span>
     <span class='ocr_line' id='line_1_5' title="bbox 106 905 1111 993; baseline 0.008 -25"><span class='ocrx_word' id='word_1_25' title='bbox 106 905 268 970; x_wconf 77' lang='lat' dir='ltr'>submissis</span> <span class='ocrx_word' id='word_1_26' title='bbox 291 929 397 970; x_wconf 87' lang='lat' dir='ltr'>rerum</span> <span class='ocrx_word' id='word_1_27' title='bbox 421 905 570 990; x_wconf 87' lang='lat' dir='ltr'>gradibus</span> <span class='ocrx_word' id='word_1_28' title='bbox 593 907 624 968; x_wconf 93' lang='lat' dir='ltr'>in</span> <span class='ocrx_word' id='word_1_29' title='bbox 646 905 683 970; x_wconf 91' lang='lat' dir='ltr'>iis</span> <span class='ocrx_word' id='word_1_30' title='bbox 705 910 801 974; x_wconf 88' lang='lat' dir='ltr'>rebus</span> <span class='ocrx_word' id='word_1_31' title='bbox 825 932 904 993; x_wconf 87' lang='lat' dir='ltr'>quae</span> <span class='ocrx_word' id='word_1_32' title='bbox 926 907 1021 976; x_wconf 82' lang='lat' dir='ltr'>natae</span> <span class='ocrx_word' id='word_1_33' title='bbox 1039 925 1111 986; x_wconf 82' lang='lat' dir='ltr'>sunt</span> 
     </span>
     <span class='ocr_line' id='line_1_6' title="bbox 105 1009 1112 1098; baseline 0.009 -26"><span class='ocrx_word' id='word_1_34' title='bbox 105 1009 198 1072; x_wconf 83' lang='lat' dir='ltr'>etiam</span> <span class='ocrx_word' id='word_1_35' title='bbox 221 1009 292 1072; x_wconf 86' lang='lat' dir='ltr'>talis</span> <span class='ocrx_word' id='word_1_36' title='bbox 314 1009 361 1072; x_wconf 83' lang='lat' dir='ltr'>rei</span> <span class='ocrx_word' id='word_1_37' title='bbox 383 1009 575 1091; x_wconf 92' lang='lat' dir='ltr'>participes,</span> <span class='ocrx_word' id='word_1_38' title='bbox 614 1033 677 1076; x_wconf 91' lang='lat' dir='ltr'>nou</span> <span class='ocrx_word' id='word_1_39' title='bbox 700 1011 937 1095; x_wconf 84' lang='lat' dir='ltr'>principaliter,</span> <span class='ocrx_word' id='word_1_40' title='bbox 975 1019 1031 1080; x_wconf 92' lang='lat' dir='ltr'>sed</span> <span class='ocrx_word' id='word_1_41' title='bbox 1052 1038 1112 1098; x_wconf 91' lang='lat' dir='ltr'>per</span> 
     </span>
     <span class='ocr_line' id='line_1_7' title="bbox 107 1112 1111 1204; baseline 0.008 -28"><span class='ocrx_word' id='word_1_42' title='bbox 107 1135 187 1184; x_wconf 65' lang='lat' dir='ltr'>erim,</span> <span class='ocrx_word' id='word_1_43' title='bbox 208 1116 336 1176; x_wconf 81' lang='lat' dir='ltr'>modurn</span> <span class='ocrx_word' id='word_1_44' title='bbox 365 1113 420 1196; x_wconf 91' lang='lat' dir='ltr'>qui</span> <span class='ocrx_word' id='word_1_45' title='bbox 452 1112 567 1188; x_wconf 88' lang='lat' dir='ltr'>dicitur</span> <span class='ocrx_word' id='word_1_46' title='bbox 599 1115 850 1179; x_wconf 85' lang='lat' dir='ltr'>adexsistentiae.</span> <span class='ocrx_word' id='word_1_47' title='bbox 893 1117 1111 1204; x_wconf 79' lang='lat' dir='ltr'>¹Cognoscere</span> 
     </span>
     <span class='ocr_line' id='line_1_8' title="bbox 104 1216 1112 1304; baseline 0.007 -25"><span class='ocrx_word' id='word_1_48' title='bbox 104 1229 208 1282; x_wconf 89' lang='lat' dir='ltr'>autem</span> <span class='ocrx_word' id='word_1_49' title='bbox 234 1216 323 1282; x_wconf 86' lang='lat' dir='ltr'>Deos</span> <span class='ocrx_word' id='word_1_50' title='bbox 349 1236 386 1280; x_wconf 86' lang='lat' dir='ltr'>ea</span> <span class='ocrx_word' id='word_1_51' title='bbox 415 1237 497 1300; x_wconf 84' lang='lat' dir='ltr'>quae</span> <span class='ocrx_word' id='word_1_52' title='bbox 523 1227 596 1279; x_wconf 86' lang='lat' dir='ltr'>sunt</span> <span class='ocrx_word' id='word_1_53' title='bbox 621 1217 767 1300; x_wconf 80' lang='lat' dir='ltr'>ancipitia</span> <span class='ocrx_word' id='word_1_54' title='bbox 795 1219 905 1282; x_wconf 91' lang='lat' dir='ltr'>melius</span> <span class='ocrx_word' id='word_1_55' title='bbox 932 1243 1025 1304; x_wconf 86' lang='lat' dir='ltr'>quam</span> <span class='ocrx_word' id='word_1_56' title='bbox 1046 1224 1112 1302; x_wconf 74' lang='lat' dir='ltr'>sert</span> 
     </span>
    </p>
   </div>
   <div class='ocr_carea' id='block_1_3' title="bbox 105 1319 1230 1409">
    <p class='ocr_par' dir='ltr' id='par_1_3' title="bbox 105 1319 1230 1409">
     <span class='ocr_line' id='line_1_9' title="bbox 105 1319 1230 1409; baseline 0 -21"><span class='ocrx_word' id='word_1_57' title='bbox 105 1342 217 1404; x_wconf 75' lang='lat' dir='ltr'>eonium</span> <span class='ocrx_word' id='word_1_58' title='bbox 239 1331 369 1394; x_wconf 64' lang='lat' dir='ltr'>natium</span> <span class='ocrx_word' id='word_1_59' title='bbox 392 1319 466 1404; x_wconf 83' lang='lat' dir='ltr'>quia</span> <span class='ocrx_word' id='word_1_60' title='bbox 486 1322 567 1383; x_wconf 89' lang='lat' dir='ltr'>haec</span> <span class='ocrx_word' id='word_1_61' title='bbox 585 1320 710 1405; x_wconf 80' lang='lat' dir='ltr'>quidem</span> <span class='ocrx_word' id='word_1_62' title='bbox 727 1334 871 1386; x_wconf 88' lang='lat' dir='ltr'>naturam</span> <span class='ocrx_word' id='word_1_63' title='bbox 888 1325 1035 1389; x_wconf 77' lang='lat' dir='ltr'>habentia</span> <span class='ocrx_word' id='word_1_64' title='bbox 1051 1348 1110 1409; x_wconf 78' lang='lat' dir='ltr'>per</span> <span class='ocrx_word' id='word_1_65' title='bbox 1216 1363 1230 1407; x_wconf 57' lang='grc' dir='ltr'>,ι</span> 
     </span>
    </p>
   </div>
   <div class='ocr_carea' id='block_1_4' title="bbox 103 1423 1111 1616">
    <p class='ocr_par' dir='ltr' id='par_1_4' title="bbox 103 1423 1111 1616">
     <span class='ocr_line' id='line_1_10' title="bbox 103 1423 1111 1511; baseline 0.006 -25"><span class='ocrx_word' id='word_1_66' title='bbox 103 1446 137 1488; x_wconf 93' lang='lat' dir='ltr'>se</span> <span class='ocrx_word' id='word_1_67' title='bbox 163 1423 356 1488; x_wconf 83' lang='lat' dir='ltr'>indefinitam</span> <span class='ocrx_word' id='word_1_68' title='bbox 380 1434 515 1506; x_wconf 83' lang='lat' dir='ltr'>possunt</span> <span class='ocrx_word' id='word_1_69' title='bbox 536 1435 568 1502; x_wconf 74' lang='lat' dir='ltr'>et</span> <span class='ocrx_word' id='word_1_70' title='bbox 587 1425 714 1488; x_wconf 85' lang='lat' dir='ltr'>evenire</span> <span class='ocrx_word' id='word_1_71' title='bbox 736 1437 767 1490; x_wconf 90' lang='lat' dir='ltr'>et</span> <span class='ocrx_word' id='word_1_72' title='bbox 792 1448 857 1506; x_wconf 84' lang='lat' dir='ltr'>non</span> <span class='ocrx_word' id='word_1_73' title='bbox 883 1428 1026 1506; x_wconf 79' lang='lat' dir='ltr'>evenire,</span> <span class='ocrx_word' id='word_1_74' title='bbox 1050 1428 1111 1511; x_wconf 90' lang='lat' dir='ltr'>ipsi</span> 
     </span>
     <span class='ocr_line' id='line_1_11' title="bbox 104 1527 1111 1616; baseline 0.003 -25"><span class='ocrx_word' id='word_1_75' title='bbox 104 1549 203 1603; x_wconf 89' lang='lat' dir='ltr'>vero,</span> <span class='ocrx_word' id='word_1_76' title='bbox 234 1537 270 1590; x_wconf 89' lang='lat' dir='ltr'>ut</span> <span class='ocrx_word' id='word_1_77' title='bbox 292 1527 349 1611; x_wconf 85' lang='lat' dir='ltr'>qui</span> <span class='ocrx_word' id='word_1_78' title='bbox 369 1539 500 1604; x_wconf 87' lang='lat' dir='ltr'>naturae</span> <span class='ocrx_word' id='word_1_79' title='bbox 523 1527 586 1590; x_wconf 88' lang='lat' dir='ltr'>sint</span> <span class='ocrx_word' id='word_1_80' title='bbox 602 1529 739 1610; x_wconf 89' lang='lat' dir='ltr'>potioris</span> <span class='ocrx_word' id='word_1_81' title='bbox 760 1529 876 1594; x_wconf 89' lang='lat' dir='ltr'>horum</span> <span class='ocrx_word' id='word_1_82' title='bbox 895 1531 1111 1616; x_wconf 82' lang='lat' dir='ltr'>cognitionem</span> 
     </span>
    </p>
   </div>
   <div class='ocr_carea' id='block_1_5' title="bbox 103 1630 1207 1707">
    <p class='ocr_par' dir='ltr' id='par_1_5' title="bbox 103 1630 1207 1707">
     <span class='ocr_line' id='line_1_12' title="bbox 103 1630 1207 1707; baseline 0.008 -13"><span class='ocrx_word' id='word_1_83' title='bbox 103 1642 357 1707; x_wconf 86' lang='lat' dir='ltr'>antecesserunt,</span> <span class='ocrx_word' id='word_1_84' title='bbox 391 1630 435 1695; x_wconf 88' lang='lat' dir='ltr'>ita</span> <span class='ocrx_word' id='word_1_85' title='bbox 455 1643 490 1694; x_wconf 87' lang='lat' dir='ltr'>ut</span> <span class='ocrx_word' id='word_1_86' title='bbox 512 1631 757 1697; x_wconf 85' lang='lat' dir='ltr'>etiamdelinito</span> <span class='ocrx_word' id='word_1_87' title='bbox 778 1633 839 1697; x_wconf 88' lang='lat' dir='ltr'>ista</span> <span class='ocrx_word' id='word_1_88' title='bbox 863 1635 984 1699; x_wconf 84' lang='lat' dir='ltr'>norint.</span> <span class='ocrx_word' id='word_1_89' title='bbox 1028 1638 1111 1700; x_wconf 88' lang='lat' dir='ltr'>Nam</span> <span class='ocrx_word' id='word_1_90' title='bbox 1204 1700 1207 1704; x_wconf 88' lang='grc'><strong>,</strong></span> 
     </span>
    </p>
   </div>
   <div class='ocr_carea' id='block_1_6' title="bbox 101 1734 1122 3166">
    <p class='ocr_par' dir='ltr' id='par_1_6' title="bbox 101 1734 1122 3166">
     <span class='ocr_line' id='line_1_13' title="bbox 104 1734 1111 1817; baseline 0.005 -19"><span class='ocrx_word' id='word_1_91' title='bbox 104 1747 135 1798; x_wconf 88' lang='lat' dir='ltr'>et</span> <span class='ocrx_word' id='word_1_92' title='bbox 156 1756 209 1798; x_wconf 87' lang='lat' dir='ltr'>res</span> <span class='ocrx_word' id='word_1_93' title='bbox 231 1734 396 1816; x_wconf 84' lang='lat' dir='ltr'>partibiles</span> <span class='ocrx_word' id='word_1_94' title='bbox 421 1734 654 1817; x_wconf 85' lang='lat' dir='ltr'>impartibiliter</span> <span class='ocrx_word' id='word_1_95' title='bbox 680 1746 712 1798; x_wconf 89' lang='lat' dir='ltr'>et</span> <span class='ocrx_word' id='word_1_96' title='bbox 731 1735 916 1800; x_wconf 88' lang='lat' dir='ltr'>indistanter</span> <span class='ocrx_word' id='word_1_97' title='bbox 939 1759 995 1802; x_wconf 89' lang='lat' dir='ltr'>eos</span> <span class='ocrx_word' id='word_1_98' title='bbox 1015 1760 1111 1804; x_wconf 91' lang='lat' dir='ltr'>nosse</span> 
     </span>
     <span class='ocr_line' id='line_1_14' title="bbox 103 1837 1113 1924; baseline 0.008 -24"><span class='ocrx_word' id='word_1_99' title='bbox 103 1859 233 1902; x_wconf 86' lang='lat' dir='ltr'>necesse</span> <span class='ocrx_word' id='word_1_100' title='bbox 256 1848 321 1914; x_wconf 73' lang='lat' dir='ltr'>est,</span> <span class='ocrx_word' id='word_1_101' title='bbox 357 1849 388 1901; x_wconf 90' lang='lat' dir='ltr'>et</span> <span class='ocrx_word' id='word_1_102' title='bbox 409 1837 593 1920; x_wconf 85' lang='lat' dir='ltr'>multiplicia</span> <span class='ocrx_word' id='word_1_103' title='bbox 613 1837 834 1916; x_wconf 84' lang='lat' dir='ltr'>uniformiter,</span> <span class='ocrx_word' id='word_1_104' title='bbox 870 1852 902 1903; x_wconf 90' lang='lat' dir='ltr'>et</span> <span class='ocrx_word' id='word_1_105' title='bbox 922 1843 1113 1924; x_wconf 84' lang='lat' dir='ltr'>temporalia</span> 
     </span>
     <span class='ocr_line' id='line_1_15' title="bbox 102 1941 1110 2027; baseline 0.003 -20"><span class='ocrx_word' id='word_1_106' title='bbox 102 1954 256 2020; x_wconf 87' lang='lat' dir='ltr'>aeterne,</span> <span class='ocrx_word' id='word_1_107' title='bbox 289 1953 322 2005; x_wconf 90' lang='lat' dir='ltr'>et</span> <span class='ocrx_word' id='word_1_108' title='bbox 350 1941 457 2027; x_wconf 87' lang='lat' dir='ltr'>genita</span> <span class='ocrx_word' id='word_1_109' title='bbox 484 1941 636 2027; x_wconf 84' lang='lat' dir='ltr'>ingenite.</span> <span class='ocrx_word' id='word_1_110' title='bbox 687 1943 801 2027; x_wconf 86' lang='lat' dir='ltr'>Neque</span> <span class='ocrx_word' id='word_1_111' title='bbox 824 1943 905 2006; x_wconf 88' lang='lat' dir='ltr'>enim</span> <span class='ocrx_word' id='word_1_112' title='bbox 927 1945 1110 2010; x_wconf 87' lang='lat' dir='ltr'>audebimus</span> 
     </span>
     <span class='ocr_line' id='line_1_16' title="bbox 102 2044 1111 2112; baseline 0.004 -4"><span class='ocrx_word' id='word_1_113' title='bbox 102 2044 207 2108; x_wconf 81' lang='lat' dir='ltr'>dicere</span> <span class='ocrx_word' id='word_1_114' title='bbox 245 2067 316 2107; x_wconf 84' lang='lat' dir='ltr'>cunt</span> <span class='ocrx_word' id='word_1_115' title='bbox 358 2045 499 2110; x_wconf 86' lang='lat' dir='ltr'>fluxione</span> <span class='ocrx_word' id='word_1_116' title='bbox 534 2066 642 2109; x_wconf 83' lang='lat' dir='ltr'>rerum</span> <span class='ocrx_word' id='word_1_117' title='bbox 678 2067 741 2108; x_wconf 91' lang='lat' dir='ltr'>una</span> <span class='ocrx_word' id='word_1_118' title='bbox 778 2046 930 2110; x_wconf 86' lang='lat' dir='ltr'>cursitare</span> <span class='ocrx_word' id='word_1_119' title='bbox 966 2048 1111 2112; x_wconf 84' lang='lat' dir='ltr'>Deorrun</span> 
     </span>
     <span class='ocr_line' id='line_1_17' title="bbox 102 2148 1111 2235; baseline 0.003 -23"><span class='ocrx_word' id='word_1_120' title='bbox 102 2148 321 2235; x_wconf 86' lang='lat' dir='ltr'>cognitionem</span> <span class='ocrx_word' id='word_1_121' title='bbox 344 2160 397 2212; x_wconf 88' lang='lat' dir='ltr'>aut</span> <span class='ocrx_word' id='word_1_122' title='bbox 419 2171 488 2214; x_wconf 86' lang='lat' dir='ltr'>esse</span> <span class='ocrx_word' id='word_1_123' title='bbox 511 2149 627 2233; x_wconf 81' lang='lat' dir='ltr'>aliquid</span> <span class='ocrx_word' id='word_1_124' title='bbox 649 2151 733 2232; x_wconf 89' lang='lat' dir='ltr'>apud</span> <span class='ocrx_word' id='word_1_125' title='bbox 761 2170 836 2226; x_wconf 91' lang='lat' dir='ltr'>eos,</span> <span class='ocrx_word' id='word_1_126' title='bbox 874 2161 929 2214; x_wconf 91' lang='lat' dir='ltr'>aut</span> <span class='ocrx_word' id='word_1_127' title='bbox 956 2152 1111 2234; x_wconf 87' lang='lat' dir='ltr'>praeteri-</span> 
     </span>
     <span class='ocr_line' id='line_1_18' title="bbox 102 2253 1111 2338; baseline 0.001 -20"><span class='ocrx_word' id='word_1_128' title='bbox 102 2266 168 2318; x_wconf 88' lang='lat' dir='ltr'>tum</span> <span class='ocrx_word' id='word_1_129' title='bbox 197 2264 251 2322; x_wconf 80' lang='lat' dir='ltr'>aut</span> <span class='ocrx_word' id='word_1_130' title='bbox 282 2253 442 2330; x_wconf 81' lang='lat' dir='ltr'>futurum,</span> <span class='ocrx_word' id='word_1_131' title='bbox 480 2274 582 2338; x_wconf 83' lang='lat' dir='ltr'>neque</span> <span class='ocrx_word' id='word_1_132' title='bbox 606 2257 699 2336; x_wconf 86' lang='lat' dir='ltr'>¹apud</span> <span class='ocrx_word' id='word_1_133' title='bbox 729 2274 785 2318; x_wconf 89' lang='lat' dir='ltr'>eos</span> <span class='ocrx_word' id='word_1_134' title='bbox 815 2253 897 2330; x_wconf 87' lang='lat' dir='ltr'>dici,</span> <span class='ocrx_word' id='word_1_135' title='bbox 937 2257 1026 2338; x_wconf 87' lang='lat' dir='ltr'>quod</span> <span class='ocrx_word' id='word_1_136' title='bbox 1051 2274 1111 2319; x_wconf 90' lang='lat' dir='ltr'>nos</span> 
     </span>
     <span class='ocr_line' id='line_1_19' title="bbox 102 2356 1122 2443; baseline 0.002 -23"><span class='ocrx_word' id='word_1_137' title='bbox 102 2357 253 2433; x_wconf 72' lang='lat' dir='ltr'>Timaeus</span> <span class='ocrx_word' id='word_1_138' title='bbox 274 2358 386 2435; x_wconf 86' lang='lat' dir='ltr'>docet,</span> <span class='ocrx_word' id='word_1_139' title='bbox 423 2358 499 2421; x_wconf 95' lang='lat' dir='ltr'>hoc</span> <span class='ocrx_word' id='word_1_140' title='bbox 527 2356 626 2433; x_wconf 82' lang='lat' dir='ltr'>fuit,</span> <span class='ocrx_word' id='word_1_141' title='bbox 661 2359 739 2421; x_wconf 94' lang='lat' dir='ltr'>hoc</span> <span class='ocrx_word' id='word_1_142' title='bbox 768 2357 864 2434; x_wconf 87' lang='lat' dir='ltr'>erit,</span> <span class='ocrx_word' id='word_1_143' title='bbox 903 2379 983 2443; x_wconf 87' lang='lat' dir='ltr'>quae</span> <span class='ocrx_word' id='word_1_144' title='bbox 1012 2379 1122 2423; x_wconf 87' lang='lat' dir='ltr'>voces.</span> 
     </span>
     <span class='ocr_line' id='line_1_20' title="bbox 102 2458 1111 2547; baseline 0.003 -24"><span class='ocrx_word' id='word_1_145' title='bbox 102 2458 285 2525; x_wconf 88' lang='lat' dir='ltr'>mutationis</span> <span class='ocrx_word' id='word_1_146' title='bbox 313 2460 346 2524; x_wconf 90' lang='lat' dir='ltr'>in</span> <span class='ocrx_word' id='word_1_147' title='bbox 374 2480 411 2524; x_wconf 91' lang='lat' dir='ltr'>se</span> <span class='ocrx_word' id='word_1_148' title='bbox 436 2459 703 2547; x_wconf 78' lang='lat' dir='ltr'>,significationem</span> <span class='ocrx_word' id='word_1_149' title='bbox 735 2465 869 2538; x_wconf 90' lang='lat' dir='ltr'>habent,</span> <span class='ocrx_word' id='word_1_150' title='bbox 908 2465 965 2526; x_wconf 89' lang='lat' dir='ltr'>sed</span> <span class='ocrx_word' id='word_1_151' title='bbox 990 2475 1111 2542; x_wconf 78' lang='lat' dir='ltr'>tantum</span> 
     </span>
     <span class='ocr_line' id='line_1_21' title="bbox 104 2564 1112 2648; baseline 0.001 -20"><span class='ocrx_word' id='word_1_152' title='bbox 104 2576 185 2641; x_wconf 87' lang='lat' dir='ltr'>est,</span> <span class='ocrx_word' id='word_1_153' title='bbox 217 2565 335 2628; x_wconf 33' lang='lat' dir='ltr'>etthoc</span> <span class='ocrx_word' id='word_1_154' title='bbox 355 2564 459 2648; x_wconf 83' lang='lat' dir='ltr'>ipsum</span> <span class='ocrx_word' id='word_1_155' title='bbox 487 2586 551 2630; x_wconf 87' lang='lat' dir='ltr'>non</span> <span class='ocrx_word' id='word_1_156' title='bbox 575 2565 833 2628; x_wconf 83' lang='lat' dir='ltr'>connumeratum</span> <span class='ocrx_word' id='word_1_157' title='bbox 857 2588 927 2629; x_wconf 90' lang='lat' dir='ltr'>cum</span> <span class='ocrx_word' id='word_1_158' title='bbox 951 2565 1008 2631; x_wconf 90' lang='lat' dir='ltr'>illo</span> <span class='ocrx_word' id='word_1_159' title='bbox 1036 2567 1112 2630; x_wconf 83' lang='lat' dir='ltr'>fiat</span> 
     </span>
     <span class='ocr_line' id='line_1_22' title="bbox 103 2667 1111 2755; baseline 0.001 -24"><span class='ocrx_word' id='word_1_160' title='bbox 103 2681 140 2732; x_wconf 88' lang='lat' dir='ltr'>et</span> <span class='ocrx_word' id='word_1_161' title='bbox 163 2669 263 2746; x_wconf 88' lang='lat' dir='ltr'>erit,</span> <span class='ocrx_word' id='word_1_162' title='bbox 287 2680 381 2752; x_wconf 85' lang='lat' dir='ltr'>atque</span> <span class='ocrx_word' id='word_1_163' title='bbox 403 2669 443 2732; x_wconf 88' lang='lat' dir='ltr'>ab</span> <span class='ocrx_word' id='word_1_164' title='bbox 465 2667 509 2732; x_wconf 88' lang='lat' dir='ltr'>eis</span> <span class='ocrx_word' id='word_1_165' title='bbox 525 2679 637 2731; x_wconf 86' lang='lat' dir='ltr'>contra</span> <span class='ocrx_word' id='word_1_166' title='bbox 652 2669 841 2745; x_wconf 85' lang='lat' dir='ltr'>distinctum,</span> <span class='ocrx_word' id='word_1_167' title='bbox 866 2673 922 2734; x_wconf 88' lang='lat' dir='ltr'>sed</span> <span class='ocrx_word' id='word_1_168' title='bbox 937 2669 1111 2755; x_wconf 82' lang='lat' dir='ltr'>cogitatum</span> 
     </span>
     <span class='ocr_line' id='line_1_23' title="bbox 103 2771 1110 2854; baseline 0.002 -20"><span class='ocrx_word' id='word_1_169' title='bbox 103 2784 173 2836; x_wconf 92' lang='lat' dir='ltr'>ante</span> <span class='ocrx_word' id='word_1_170' title='bbox 197 2793 323 2838; x_wconf 88' lang='lat' dir='ltr'>ornnem</span> <span class='ocrx_word' id='word_1_171' title='bbox 344 2771 496 2854; x_wconf 87' lang='lat' dir='ltr'>temporis</span> <span class='ocrx_word' id='word_1_172' title='bbox 514 2771 753 2848; x_wconf 88' lang='lat' dir='ltr'>iudicationem,</span> <span class='ocrx_word' id='word_1_173' title='bbox 777 2774 821 2837; x_wconf 88' lang='lat' dir='ltr'>ita</span> <span class='ocrx_word' id='word_1_174' title='bbox 843 2786 877 2836; x_wconf 85' lang='lat' dir='ltr'>ut</span> <span class='ocrx_word' id='word_1_175' title='bbox 893 2775 1037 2838; x_wconf 88' lang='lat' dir='ltr'>Deorum</span> <span class='ocrx_word' id='word_1_176' title='bbox 1052 2773 1110 2836; x_wconf 84' lang='lat' dir='ltr'>irn-</span> 
     </span>
     <span class='ocr_line' id='line_1_24' title="bbox 101 2875 1110 2961; baseline 0 -21"><span class='ocrx_word' id='word_1_177' title='bbox 101 2875 339 2940; x_wconf 81' lang='lat' dir='ltr'>mutabilitatem</span> <span class='ocrx_word' id='word_1_178' title='bbox 362 2888 393 2941; x_wconf 90' lang='lat' dir='ltr'>et</span> <span class='ocrx_word' id='word_1_179' title='bbox 414 2875 690 2952; x_wconf 84' lang='lat' dir='ltr'>invariabilitatem</span> <span class='ocrx_word' id='word_1_180' title='bbox 712 2876 888 2961; x_wconf 85' lang='lat' dir='ltr'>significet:</span> <span class='ocrx_word' id='word_1_181' title='bbox 914 2877 1110 2960; x_wconf 89' lang='lat' dir='ltr'>quodetiam</span> 
     </span>
     <span class='ocr_line' id='line_1_25' title="bbox 101 2979 1109 3065; baseline 0.002 -23"><span class='ocrx_word' id='word_1_182' title='bbox 101 3001 233 3065; x_wconf 85' lang='lat' dir='ltr'>magnus</span> <span class='ocrx_word' id='word_1_183' title='bbox 256 2981 462 3054; x_wconf 82' lang='lat' dir='ltr'>Parmenides</span> <span class='ocrx_word' id='word_1_184' title='bbox 486 2980 572 3044; x_wconf 90' lang='lat' dir='ltr'>omni</span> <span class='ocrx_word' id='word_1_185' title='bbox 593 2981 640 3052; x_wconf 82' lang='lat' dir='ltr'>rei</span> <span class='ocrx_word' id='word_1_186' title='bbox 662 3001 742 3063; x_wconf 74' lang='lat' dir='ltr'>quiae</span> <span class='ocrx_word' id='word_1_187' title='bbox 763 2979 925 3043; x_wconf 86' lang='lat' dir='ltr'>intellectu</span> <span class='ocrx_word' id='word_1_188' title='bbox 946 2982 1019 3046; x_wconf 89' lang='lat' dir='ltr'>solo</span> <span class='ocrx_word' id='word_1_189' title='bbox 1034 3003 1109 3064; x_wconf 86' lang='lat' dir='ltr'>per·</span> 
     </span>
     <span class='ocr_line' id='line_1_26' title="bbox 101 3083 782 3166; baseline 0 -21"><span class='ocrx_word' id='word_1_190' title='bbox 101 3083 218 3166; x_wconf 88' lang='lat' dir='ltr'>cipitur</span> <span class='ocrx_word' id='word_1_191' title='bbox 236 3085 350 3160; x_wconf 69' lang='lat' dir='ltr'>¹adesse</span> <span class='ocrx_word' id='word_1_192' title='bbox 372 3084 522 3160; x_wconf 87' lang='lat' dir='ltr'>affirmat,</span> <span class='ocrx_word' id='word_1_193' title='bbox 548 3084 594 3148; x_wconf 91' lang='lat' dir='ltr'>sic</span> <span class='ocrx_word' id='word_1_194' title='bbox 616 3083 697 3147; x_wconf 85' lang='lat' dir='ltr'>enirn</span> <span class='ocrx_word' id='word_1_195' title='bbox 720 3083 782 3146; x_wconf 83' lang='lat' dir='ltr'>ait:</span> 
     </span>
    </p>
   </div>
   <div class='ocr_carea' id='block_1_7' title="bbox 138 3223 1071 3299">
    <p class='ocr_par' dir='ltr' id='par_1_7' title="bbox 138 3223 1071 3299">
     <span class='ocr_line' id='line_1_27' title="bbox 138 3223 1071 3299; baseline 0.001 -18"><span class='ocrx_word' id='word_1_196' title='bbox 138 3229 211 3281; x_wconf 69' lang='lat' dir='ltr'>uun</span> <span class='ocrx_word' id='word_1_197' title='bbox 225 3223 317 3299; x_wconf 69' lang='lat' dir='ltr'>fruit,</span> <span class='ocrx_word' id='word_1_198' title='bbox 334 3237 389 3279; x_wconf 83' lang='lat' dir='ltr'>aut</span> <span class='ocrx_word' id='word_1_199' title='bbox 409 3231 465 3280; x_wconf 82' lang='lat' dir='ltr'>erit</span> <span class='ocrx_word' id='word_1_200' title='bbox 486 3227 550 3298; x_wconf 77' lang='lat' dir='ltr'>hoc,</span> <span class='ocrx_word' id='word_1_201' title='bbox 581 3231 632 3282; x_wconf 82' lang='lat' dir='ltr'>sed</span> <span class='ocrx_word' id='word_1_202' title='bbox 647 3235 764 3280; x_wconf 84' lang='lat' dir='ltr'>tantum</span> <span class='ocrx_word' id='word_1_203' title='bbox 785 3229 921 3280; x_wconf 82' lang='lat' dir='ltr'>dicimus:</span> <span class='ocrx_word' id='word_1_204' title='bbox 950 3237 993 3282; x_wconf 81' lang='lat' dir='ltr'>est</span> <span class='ocrx_word' id='word_1_205' title='bbox 1011 3231 1071 3284; x_wconf 76' lang='lat' dir='ltr'>doc.</span> 
     </span>
    </p>
   </div>
   <div class='ocr_carea' id='block_1_8' title="bbox 1 3383 1193 4102">
    <p class='ocr_par' dir='ltr' id='par_1_8' title="bbox 1 3383 1193 4102">
     <span class='ocr_line' id='line_1_28' title="bbox 33 3383 1193 3476; baseline 0.002 -18"><span class='ocrx_word' id='word_1_206' title='bbox 33 3415 44 3430; x_wconf 60' lang='lat'>‘¹</span> <span class='ocrx_word' id='word_1_207' title='bbox 103 3394 218 3476; x_wconf 87' lang='lat' dir='ltr'>Neque</span> <span class='ocrx_word' id='word_1_208' title='bbox 237 3393 476 3468; x_wconf 84' lang='lat' dir='ltr'>existimandum</span> <span class='ocrx_word' id='word_1_209' title='bbox 496 3410 544 3458; x_wconf 88' lang='lat' dir='ltr'>est</span> <span class='ocrx_word' id='word_1_210' title='bbox 564 3396 776 3460; x_wconf 86' lang='lat' dir='ltr'>necessarium</span> <span class='ocrx_word' id='word_1_211' title='bbox 797 3394 944 3458; x_wconf 90' lang='lat' dir='ltr'>habitura</span> <span class='ocrx_word' id='word_1_212' title='bbox 963 3406 1110 3460; x_wconf 85' lang='lat' dir='ltr'>eventum</span> <span class='ocrx_word' id='word_1_213' title='bbox 1191 3383 1193 3388; x_wconf 37' lang='lat'>⁵</span> 
     </span>
     <span class='ocr_line' id='line_1_29' title="bbox 102 3494 1110 3582; baseline 0.003 -21"><span class='ocrx_word' id='word_1_214' title='bbox 102 3519 140 3561; x_wconf 86' lang='lat' dir='ltr'>ea</span> <span class='ocrx_word' id='word_1_215' title='bbox 158 3494 238 3581; x_wconf 83' lang='lat' dir='ltr'>&#39;qime</span> <span class='ocrx_word' id='word_1_216' title='bbox 255 3497 401 3581; x_wconf 89' lang='lat' dir='ltr'>ancipitia</span> <span class='ocrx_word' id='word_1_217' title='bbox 420 3498 568 3575; x_wconf 87' lang='lat' dir='ltr'>dicimus,</span> <span class='ocrx_word' id='word_1_218' title='bbox 594 3502 665 3582; x_wconf 87' lang='lat' dir='ltr'>quia</span> <span class='ocrx_word' id='word_1_219' title='bbox 688 3521 707 3563; x_wconf 89' lang='lat' dir='ltr'>a</span> <span class='ocrx_word' id='word_1_220' title='bbox 728 3499 804 3562; x_wconf 90' lang='lat' dir='ltr'>Deis</span> <span class='ocrx_word' id='word_1_221' title='bbox 824 3498 953 3562; x_wconf 86' lang='lat' dir='ltr'>definito</span> <span class='ocrx_word' id='word_1_222' title='bbox 972 3521 1110 3564; x_wconf 84' lang='lat' dir='ltr'>noscun-</span> 
     </span>
     <span class='ocr_line' id='line_1_30' title="bbox 102 3601 1109 3685; baseline 0.007 -23"><span class='ocrx_word' id='word_1_223' title='bbox 102 3613 169 3664; x_wconf 78' lang='lat' dir='ltr'>tur.</span> <span class='ocrx_word' id='word_1_224' title='bbox 216 3602 290 3666; x_wconf 89' lang='lat' dir='ltr'>Non</span> <span class='ocrx_word' id='word_1_225' title='bbox 314 3601 417 3678; x_wconf 88' lang='lat' dir='ltr'>enim,</span> <span class='ocrx_word' id='word_1_226' title='bbox 451 3603 523 3685; x_wconf 89' lang='lat' dir='ltr'>quia</span> <span class='ocrx_word' id='word_1_227' title='bbox 547 3602 580 3680; x_wconf 87' lang='lat' dir='ltr'>id</span> <span class='ocrx_word' id='word_1_228' title='bbox 600 3605 701 3667; x_wconf 90' lang='lat' dir='ltr'>sciunt</span> <span class='ocrx_word' id='word_1_229' title='bbox 724 3603 799 3678; x_wconf 88' lang='lat' dir='ltr'>Dii,</span> <span class='ocrx_word' id='word_1_230' title='bbox 835 3603 908 3667; x_wconf 91' lang='lat' dir='ltr'>ideo</span> <span class='ocrx_word' id='word_1_231' title='bbox 931 3604 1109 3670; x_wconf 85' lang='lat' dir='ltr'>necessario</span> 
     </span>
     <span class='ocr_line' id='line_1_31' title="bbox 102 3705 1109 3791; baseline 0.004 -25"><span class='ocrx_word' id='word_1_232' title='bbox 102 3706 164 3768; x_wconf 87' lang='lat' dir='ltr'>ista</span> <span class='ocrx_word' id='word_1_233' title='bbox 187 3705 351 3780; x_wconf 85' lang='lat' dir='ltr'>evenient,</span> <span class='ocrx_word' id='word_1_234' title='bbox 392 3707 454 3774; x_wconf 81' lang='lat' dir='ltr'>sed¹</span> <span class='ocrx_word' id='word_1_235' title='bbox 480 3706 552 3790; x_wconf 87' lang='lat' dir='ltr'>quia</span> <span class='ocrx_word' id='word_1_236' title='bbox 582 3719 724 3773; x_wconf 84' lang='lat' dir='ltr'>naturam</span> <span class='ocrx_word' id='word_1_237' title='bbox 752 3706 899 3770; x_wconf 86' lang='lat' dir='ltr'>habentia</span> <span class='ocrx_word' id='word_1_238' title='bbox 932 3707 1109 3791; x_wconf 82' lang='lat' dir='ltr'>ambiguam</span> 
     </span>
     <span class='ocr_line' id='line_1_32' title="bbox 104 3807 1109 3897; baseline 0.002 -27"><span class='ocrx_word' id='word_1_239' title='bbox 104 3820 137 3870; x_wconf 86' lang='lat' dir='ltr'>et</span> <span class='ocrx_word' id='word_1_240' title='bbox 157 3807 190 3869; x_wconf 93' lang='lat' dir='ltr'>in</span> <span class='ocrx_word' id='word_1_241' title='bbox 212 3819 380 3893; x_wconf 85' lang='lat' dir='ltr'>utrumque</span> <span class='ocrx_word' id='word_1_242' title='bbox 399 3810 596 3897; x_wconf 79' lang='lat' dir='ltr'>proclivem,</span> <span class='ocrx_word' id='word_1_243' title='bbox 624 3807 923 3874; x_wconf 78' lang='lat' dir='ltr'>exitumhaliebunt</span> <span class='ocrx_word' id='word_1_244' title='bbox 944 3811 1037 3874; x_wconf 86' lang='lat' dir='ltr'>talem</span> <span class='ocrx_word' id='word_1_245' title='bbox 1056 3822 1109 3873; x_wconf 91' lang='lat' dir='ltr'>aut</span> 
     </span>
     <span class='ocr_line' id='line_1_33' title="bbox 1 3905 1108 3998; baseline 0.005 -27"><span class='ocrx_word' id='word_1_246' title='bbox 1 3945 2 3956; x_wconf 38' lang='grc' dir='ltr'><strong>ι</strong></span> <span class='ocrx_word' id='word_1_247' title='bbox 65 3951 69 3958; x_wconf 91' lang='grc'>-</span> <span class='ocrx_word' id='word_1_248' title='bbox 103 3911 197 3974; x_wconf 89' lang='lat' dir='ltr'>talem</span> <span class='ocrx_word' id='word_1_249' title='bbox 208 3958 218 3988; x_wconf 63' lang='grc'>,,</span> <span class='ocrx_word' id='word_1_250' title='bbox 241 3916 413 3994; x_wconf 81' lang='lat' dir='ltr'>propteroa</span> <span class='ocrx_word' id='word_1_251' title='bbox 435 3914 525 3978; x_wconf 86' lang='lat' dir='ltr'>Deos</span> <span class='ocrx_word' id='word_1_252' title='bbox 542 3933 671 3976; x_wconf 86' lang='lat' dir='ltr'>necesse</span> <span class='ocrx_word' id='word_1_253' title='bbox 693 3905 740 3975; x_wconf 83' lang='lat' dir='ltr'>est</span> <span class='ocrx_word' id='word_1_254' title='bbox 761 3914 843 3976; x_wconf 85' lang='lat' dir='ltr'>scire</span> <span class='ocrx_word' id='word_1_255' title='bbox 869 3917 1031 3998; x_wconf 89' lang='lat' dir='ltr'>quomodo</span> <span class='ocrx_word' id='word_1_256' title='bbox 1057 3935 1108 3976; x_wconf 90' lang='lat' dir='ltr'>res</span> 
     </span>
     <span class='ocr_line' id='line_1_34' title="bbox 106 4015 1111 4102; baseline 0.004 -27"><span class='ocrx_word' id='word_1_257' title='bbox 106 4015 229 4078; x_wconf 82' lang='lat' dir='ltr'>exitura</span> <span class='ocrx_word' id='word_1_258' title='bbox 258 4016 315 4092; x_wconf 88' lang='lat' dir='ltr'>sit,</span> <span class='ocrx_word' id='word_1_259' title='bbox 352 4027 462 4101; x_wconf 86' lang='lat' dir='ltr'>estque</span> <span class='ocrx_word' id='word_1_260' title='bbox 487 4019 707 4088; x_wconf 85' lang='lat' dir='ltr'>idemnatura</span> <span class='ocrx_word' id='word_1_261' title='bbox 737 4015 862 4100; x_wconf 86' lang='lat' dir='ltr'>quidem</span> <span class='ocrx_word' id='word_1_262' title='bbox 895 4041 950 4085; x_wconf 85' lang='lat' dir='ltr'>sua</span> <span class='ocrx_word' id='word_1_263' title='bbox 978 4039 1111 4102; x_wconf 81' lang='lat' dir='ltr'>anceps,</span> 
     </span>
    </p>
   </div>
   <div class='ocr_carea' id='block_1_9' title="bbox 0 0 1368 4758">
    <p class='ocr_par' dir='ltr' id='par_1_9' title="bbox 0 0 1368 4758">
     <span class='ocr_line' id='line_1_35' title="bbox 0 0 1368 4758; baseline 0 1"><span class='ocrx_word' id='word_1_264' title='bbox 0 0 1368 4758; x_wconf 95' lang='lat' dir='ltr'> </span> 
     </span>
    </p>
   </div>
  </div>
 </body>
</html>
