2758 4760
277 388 338 452 150

275 560 310 622 δὲ
334 551 501 640 τούτοιςῦ
525 552 592 621 ἰδία
610 548 712 646 φύσις
725 546 809 643 ἀρχὴ
831 557 887 618 καὶ
908 547 1002 618 ἀιτία
1023 543 1152 630 τοιάδε,
1182 541 1286 629 ἀύσης

276 661 334 740 τῦς
355 655 441 726 κατα
462 659 569 725 ταῦτα
587 657 779 743 γιγνομένης
798 651 926 735 τάξεως.
965 647 1051 720 'Aah
1077 649 1142 742 γάρ
1163 646 1287 732 ταύτης

277 758 321 840 ῶς
349 764 400 828 ἐπὶ
422 758 460 827 τὸ
486 761 553 828 πάν
578 766 634 827 καὶ
661 763 692 826 οῖ
715 757 786 844 βίοι
807 763 861 824 καὶ
889 761 925 822 αἱ
945 757 1010 824 τῶν
1034 756 1114 842 βίων
1139 756 1288 842 γίνονται

276 870 528 957 καταστροφαὶ,
557 859 603 951 μὴ
626 859 884 952 έμποδισθείσης
908 854 972 928 ῦπό
994 884 1100 928 τινων.
1138 853 1289 949 Ὃρῶμεν

274 964 357 1057 γάρ,
380 958 432 1033 ότι
448 973 503 1033 καὶ
521 962 560 1032 τὸ
577 967 689 1053 σῶμα,
711 965 757 1056 τῷ
778 959 906 1031 τοιόνδε
927 959 1090 1045 ἢτοιόνδε
1106 957 1287 1054 ἐκφύσεως
1348 1016 1350 1020 ,

275 1072 361 1137 ε’ῖναι
382 1075 438 1136 καὶ
459 1071 492 1138 έν
511 1064 624 1146 νόσοις
642 1069 787 1154 γίγνεται
807 1057 864 1134 ’καὶ
887 1068 919 1134 έν
942 1070 1115 1158 φθοραῖς,
1147 1059 1290 1132 ἀκολού-

276 1177 352 1251 θως
372 1173 412 1266 τῇ
430 1173 555 1266 φυσικῇ
575 1166 751 1239 συστάσει’
782 1165 820 1237 οῦ
842 1167 908 1257 μὴν
930 1169 963 1250 ἐξ
982 1164 1142 1254 ἀνάγκης·
1176 1169 1289 1234 ἱκαναί

275 1273 339 1366 γάρ
377 1276 552 1365 ἐκκροῦσαι
589 1270 685 1355 τόνδε
714 1270 773 1355 τὴν
812 1269 906 1354 τάξιν
949 1270 1129 1358 ἐπιμέλειαί
1158 1295 1194 1336 τε
1232 1274 1287 1336 καὶ

278 1374 382 1469 ἀέρων
402 1374 593 1464 ὑπαλλαγαὶ
614 1382 669 1443 καὶ
686 1372 877 1467 πρσςτάξεις
899 1371 1035 1465 ἰατρῶν,
1065 1380 1120 1441 καὶ
1142 1375 1290 1461 συμβου-

278 1482 347 1548 λίαι
369 1482 471 1548 θεῶν.
526 1478 626 1547 Κατά
651 1482 687 1546 δὲ
711 1476 769 1546 τόν
797 1475 900 1546 ἀυτῦν
926 1474 1049 1570 τρόπον
1074 1481 1128 1544 καὶ
1155 1480 1206 1544 έπὶ
1233 1477 1290 1558 τῆς

277 1585 389 1677 ψυχῆς
406 1579 497 1674 ἕύροι
518 1608 569 1661 τις
587 1579 628 1650 ἀν
646 1579 738 1673 παρὰ
756 1579 815 1663 τὴν
829 1579 977 1674 ,φυσικὴν
992 1576 1197 1680 κατασκευὴν
1216 1581 1289 1646 δια-

279 1683 407 1780 φόρους
428 1690 602 1774 γινομένας
623 1691 679 1752 καὶ
697 1681 757 1763 τάς
776 1682 909 1772 πράξεις
927 1689 983 1751 καὶ
1004 1680 1064 1762 τάς
1081 1685 1291 1775 προαιρέσεις

279 1796 335 1858 καὶ
360 1785 437 1867 τοῦς
458 1790 562 1876 βίους.
606 1775 726 1866 Ἧθος
746 1785 812 1879 γάρ
835 1785 881 1869 ³²)
908 1783 1099 1878 ἀνθρώπων
1123 1783 1209 1852 κατά
1231 1782 1289 1852 τὸν

278 1887 514 1984 Ἡράκλειτον,
537 1891 683 1980 δαίμων,
706 1894 856 1958 τουτέστι
871 1886 980 1983 φύσις.
1007 1883 1067 1968 Ὡς
1085 1892 1290 1956 έπιπλεῖστον

278 1993 342 2086 γάρ
367 2000 441 2074 ταῖς
463 2000 623 2087 φυσικαῖς
645 1999 864 2071 κατασκευαῖς
889 2017 923 2059 τε
949 1998 1004 2060 καὶ
1026 1996 1206 2060 διαθέσεσι
1235 1997 1292 2058 καὶ

277 2097 340 2177 τάς
360 2095 510 2190 πράξεις,
532 2105 588 2166 καὶ
610 2095 690 2176 ’τοὺς
710 2097 820 2184 βίους,
850 2103 906 2163 καί
927 2094 987 2174 τάς
1007 2097 1070 2164 τῶν
1086 2095 1167 2182 βίων
1187 2119 1291 2161 κατα-

281 2200 433 2294 στροφάς
460 2198 664 2269 ἀκολουθεῖν
693 2202 886 2288 συμβέβηκε.
941 2201 1013 2266 Τῶν
1032 2206 1093 2286 μέν
1114 2195 1179 2289 γὰρ
1205 2193 1291 2292 ἀφι·

281 2301 393 2392 μάγων
408 2308 451 2386 ³³)
468 2312 523 2371 καὶ
544 2299 781 2395 φιλοκινδύνων
799 2297 899 2391 φύσει
918 2297 1031 2386 βίαιός
1045 2327 1095 2380 τις
1110 2308 1167 2368 καῖ
1184 2297 1203 2367 ό
1218 2297 1290 2368 θά-

281 2429 381 2486 νατος
407 2401 450 2485 ῶς
473 2409 733 2473 έπιτοπλεῐστον·
772 2400 860 2487 ἀύτη,
881 2403 944 2496 γάρ
970 2408 1146 2497 έιμαρμένη
1170 2429 1205 2472 τε
1235 2410 1291 2471 καὶ

283 2505 385 2602 φύσις
402 2505 526 2577 ἀυτοῦ·
559 2511 604 2600 τῷ
624 2512 659 2576 δὲ
680 2505 854 2602 ἀκολάστῳ
876 2515 931 2575 καὶ
950 2511 983 2576 ἐν
1001 2505 1136 2590 ἡδοναῖς
1157 2503 1290 2588 ζῶντιὸ

283 2615 316 2681 έν
341 2619 415 2691 ταῖς
438 2608 630 2703 ἀκρασίαις,
660 2613 778 2702 καὶτῷ
799 2613 980 2702 καρτερικῷ
1003 2606 1020 2676 ό
1045 2606 1084 2678 δι’
1105 2607 1291 2702 ὑπερβολῆς

284 2711 391 2784 πόνων
408 2720 464 2780 καί
480 2716 732 2782 κακοπαθειῶν·
770 2717 815 2806 τῷ
840 2717 876 2781 δὲ
902 2710 1110 2805 ἀνελευθέρῳ
1137 2709 1155 2779 ό
1178 2715 1213 2778 έκ
1233 2715 1292 2794 τῆς

284 2823 356 2908 περὶ
377 2814 415 2883 τὸ
438 2811 626 2910 ἀδιάφορον
647 2817 807 2899 σπουδῆς,
830 2814 869 2885 δι’
886 2811 927 2899 ἣν
943 2813 1095 2884 ἀδικοῦσι
1113 2822 1168 2883 καὶ
1183 2812 1292 2884 ἀυτῶν

285 2917 482 3010 ὀλιγωροῦσι
505 2926 560 2987 καὶ
581 2923 737 2988 πονοῦσιν
757 2917 839 3012 ῦπέρ
858 2918 917 3002 τὴν
938 2915 1091 3007 δύναμιν·
1113 2916 1171 2986 διά
1193 2921 1292 2986 τοῦτο

284 3023 364 3113 γοῦν
386 3019 533 3090 έιῶθασι
554 3029 610 3090 καὶ
632 3027 788 3112 ἐπιλέγειν
813 3031 883 3102 τοῖς
896 3020 1087 3103 τοιούτοις,
1125 3017 1169 3100 ῶς
1190 3018 1293 3101 ἀστὸς

285 3121 375 3217 ἀυτῶ
389 3129 519 3212 γέγονεν
532 3123 639 3205 ἀίτιος
653 3129 712 3195 τοῦ
724 3123 889 3196 θανάτου.
917 3122 1078 3193 Τοιούτου
1086 3129 1122 3192 δὲ
1131 3121 1227 3204 ὄντος
1233 3127 1293 3193 τοῦ

284 3224 366 3295 καθ’
387 3231 603 3321 έιμαρμένην,
627 3225 701 3297 ὀύτε
718 3227 776 3312 τὴν
793 3227 952 3316 μαντικὴν
971 3231 1105 3321 ἐροῦμεν
1126 3225 1293 3319 ἀγρηστον

285 3331 334 3400 ἔτι
346 3383 355 3412 ,
390 3336 624 3428 προορωμένην·
652 3357 687 3399 τε
715 3329 755 3399 τό
785 3330 871 3414 κατά
896 3329 998 3426 φύσιν
1023 3327 1291 3419 ἀποβησόμενον,

286 3440 341 3501 καί
361 3436 562 3521 βοηθοῦσαν
584 3432 639 3502 διά
669 3436 729 3502 τοῦ
753 3431 987 3524 συμβουλεύειν
1015 3460 1049 3502 τε
1078 3442 1133 3502 καὶ
1154 3431 1294 3502 κελεύειν

287 3538 488 3606 ἐνίστασθαι
507 3539 547 3631 τῇ
566 3540 624 3620 τῆς
644 3533 774 3630 φύσεως
792 3539 939 3631 χείρονος
959 3535 1160 3630 ἀκολουθία.
1199 3535 1290 3606 Ἀλλ’

287 3634 356 3709 οῦδ
379 3635 397 3722 ἡ
416 3643 473 3722 τῆς
492 3639 589 3729 τύχης
609 3637 871 3729 ἀναιρεθήσεται
890 3638 1006 3735 φύσις,
1029 3637 1096 3710 ἀλλ’
1118 3643 1177 3724 ἕξει
1196 3646 1293 3710 τινῶν

288 3741 402 3812 ἀιτίων
417 3744 462 3828 ³4)
479 3745 653 3833 συμπίπτει
672 3747 716 3827 55)
738 3753 809 3824 τοῖς
823 3751 1026 3833 γιγνομένοις
1040 3743 1126 3813 κατά
1139 3747 1293 3836 προαίρε-

289 3873 351 3916 σιν.
386 3844 466 3914 Ἔτι
482 3850 517 3914 δὲ
538 3849 665 3936 μᾶλλον
685 3846 724 3915 τὸ
746 3853 844 3917 θεῖον
869 3855 923 3916 καὶ
950 3853 985 3916 αἱ
1011 3851 1045 3916 έκ
1069 3845 1189 3916 τούτου
1210 3846 1292 3936 βού-

288 3957 396 4032 θειαι,
419 3955 473 4019 καί
489 3955 525 4019 αί
538 3947 612 4054 παρ’
628 3947 718 4037 ἡμῶν
733 3953 822 4039 έυχαί
837 3977 869 4020 τε
885 3959 939 4022 καὶ
958 3948 1081 4035 δεύσας
1098 3950 1158 4035 τὴν
1168 3949 1291 4022 ὀικείαν
