2758 4760
146 449 151 463 ι
239 393 299 478 1¹6

236 580 276 649 66
298 577 361 650 6666
389 605 475 660 τινος
499 579 587 648 κατὰ
609 578 668 662 τὴν
700 575 822 700 όικείαν
847 574 1017 670 γινόμενον
1037 579 1176 710 φάσιν,
1198 581 1244 700 ἐπ’

237 686 343 776 ἐκείνῳ
363 689 481 772 λέγειν,
510 682 593 750 ἄλλο
611 710 643 750 τι
662 681 905 773 σημαινόμενον
917 687 977 752 τοῦ
998 681 1046 778 ἐφ
1064 683 1142 772 ἡμῖν
1161 682 1248 764 6636-

234 807 302 876 μων
324 789 368 869 ¹‚)
385 785 488 878 παρὰ
510 783 582 853 τό
574 783 834 908 πεπιστευμένον
841 813 875 854 τε
895 794 952 854 καὶ
972 793 1246 887 προειλημμένον,

235 886 256 956 6
278 899 391 1013 φαμὲν
418 894 501 958 εἰναι
531 887 588 957 666
621 886 660 956 τό
701 889 782 978 ἔχειν
816 885 903 979 ἡμᾶς
939 891 1104 972 ἐξουσίαν’
1118 893 1181 958 τῶν
1212 895 1247 960 ἐν

174 997 176 1004 '
235 999 306 1071 τοῖς
326 997 564 1084 πραττομένοις
596 989 822 1080 ἀντικειμένων
844 990 973 1086 φθάνει
995 992 1053 1062 666
1073 996 1137 1062 τῶν
1157 992 1246 1084 πρώ-

234 1119 299 1164 των
320 1092 491 1213 πλεονάκις
513 1098 673 1224 εἰρῆσθαί
694 1122 728 1164 τι
756 1103 812 1164 καὶ
833 1100 1015 1186 δεδεῖχθαι.
1057 1094 1247 1186 Παραπλή-

235 1202 359 1266 σιοιδὲ
345 1194 512 1278 ἑτόότοις
540 1206 597 1266 καὶ
625 1191 718 1278 όσοις
739 1197 898 1277 άλλοις’
882 1226 927 1277 εις
960 1195 1121 1267 σύστασιν
1148 1201 1246 1267 τοῦδε

233 1303 293 1394 τοῦ
314 1299 515 1428 δόγματος)
512 1299 613 1390 όγοις
634 1304 936 1393 παρατίθενται,
921 1308 972 1369 επὶ
994 1307 1092 1370 πλέον
1112 1309 1167 1370 καὶ
1189 1307 1250 1394 6667

229 1431 288 1525 χρι
308 1401 461 1526 ῥημάτων
483 1402 543 1488 τὴν
560 1410 729 1533 κομιμὲιαν
751 1405 893 1494 ἔχοντες,
931 1402 991 1473 οὐκ
1020 1408 1054 1472 ἐκ
1082 1408 1141 1488 τῆς
1161 1403 1246 1527 πρὸς
1274 1407 1278 1412 “

232 1505 276 1574 τόι
296 1504 478 1598 πράγματα
499 1513 571 1600 περὶ
593 1509 636 1575 ὡν
656 1511 826 1595 λέγονται,
847 1509 1041 1600 συμφωνίας
1062 1505 1122 1590 τὴν
1134 1510 1247 1577 πίστιν

232 1607 465 1698 λαμβάνοντες

692 1820 770 1885 ΛΘ.

299 1916 445 1990 Ταῦτα
429 1927 504 2010 υμῖν
515 1922 559 2005 ¹,)
582 1951 609 1990 ω
592 1909 833 2018 66666666'66'
813 1918 1064 2013 αυτοκράτορες,
1087 1923 1143 2004 τῆς
1150 1918 1245 2013 Ἀρι·

231 2028 405 2147 στοτέλομς
427 2021 523 2107 δόξης
544 2027 617 2144 περί
641 2051 675 2093 τε
696 2029 902 2117 εἰμαρμὲνης
915 2031 972 2110 καὶ
996 2029 1055 2092 τοῦ
1085 2020 1135 2118 ἐφ’
1165 2021 1246 2113 ἡμῖν

134 2169 138 2186 ·
230 2125 299 2194 κατ’
321 2125 400 2216 ἐμὴν
418 2124 537 2211 δόξαν,
559 2124 601 2196 τοί
622 2125 806 2216 κεφάλαια,
829 2124 911 2198 καθ
930 2123 1178 2210 6666566663'
1151 2155 1196 2206 εις
1211 2153 1245 2196 τε

228 2230 336 2310 θεοὺς
353 2229 587 2319 ἐυσεβήσοιιεν,
610 2229 723 2319 τὰμὲν
745 2228 912 2310 ειδότες’
892 2239 1007 2310 αυτοῖς
1020 2227 1138 2320 χάριν,
1154 2227 1242 2329 666³

230 2324 274 2402 ὧν
289 2331 497 2455 φθάνομενἴ
481 2359 525 2401 νπ
545 2332 701 2402 6666666
713 2331 930 2417 πεπονθότες,
952 2331 1075 2402 τὰδὲ
1026 2331 1245 2423 ὲαιτοόμενοι

229 2433 305 2528 παρ’
329 2433 437 2505 άντων
458 2433 501 2516 ὡς
525 2434 627 2506 όντων
644 2444 700 2505 καὶ
723 2463 782 2505 του
768 2440 914 2505 δοῦναι
933 2463 990 2506 και
1011 2438 1071 2504 τοῦ
1088 2435 1133 2525 μὴ
1153 2439 1246 2530 κυρί-

229 2564 275 2607 ων
293 2538 335 2620 ²).
372 2535 597 2630 Εσόμεθαδὲ
611 2544 684 2632 περί
702 2567 735 2610 τε
754 2538 840 2629 ὑμᾶς
862 2543 890 2623 5)
913 2547 968 2607 καὶ
982 2547 1056 2662 περὶ
1069 2538 1146 2618 τοὺς
1166 2536 1245 2628 ὑμῖν

229 2637 365 2760 ὁμοίους
382 2641 546 2736 ἄρχοντας
568 2641 755 2733 ἐυχάριστοι
770 2639 817 2727 ⁴),
839 2646 948 2712 ταῦτα
968 2641 1176 2734 πράττοντας
1198 2646 1245 2721 εἰς

228 2743 316 2864 όιιᾶς
338 2747 388 2828 5,)
421 2742 445 2812 6
468 2753 557 2815 ποιεῖ
576 2744 666 2834 ὑμῶν
692 2746 795 2815 οἰκεία
817 2749 1008 2838 προαίρεσις
1033 2741 1244 2836 6λπράττειν

228 2845 328 2936 ὑμᾶς,
347 2854 470 2941 αἱρέσει
484 2876 543 2917 του
528 2853 720 2936 βελτίονος
731 2856 786 2918 καὶ
801 2876 845 2941 τῳ
831 2852 950 2968 περὶ
945 2846 1005 2930 τὴν
1015 2850 1122 2940 κρίσιν
1137 2845 1244 2916 άυτοῦ

153 3039 156 3048 Ι
228 2954 412 3076 φροντίζειν
431 2957 609 3033 ποιοῦντας
624 2950 646 3021 66
666 2959 803 3032 ποιεῖτε,
826 2949 903 3020 ἀλλ
913 2978 952 3019 ου
941 2948 1243 3043 προκαταβεβλη-

226 3059 336 3178 μένοις
351 3063 435 3124 τισὶν
450 3054 568 3178 άιτίοις
582 3061 769 3146 ἑπομένους,
785 3052 834 3134 όῑς
848 3052 1030 3142 άναγκαῑον
1044 3059 1191 3122 ἕπεσθαι
1202 3054 1243 3136 7),

226 3159 246 3251 6
266 3155 307 3225 όίν
321 3162 430 3228 ἐκεῖνα
444 3157 518 3255 όίμῃ.
548 3159 776 3247 ΙΙοιησόμεθα
793 3163 828 3226 66
843 3165 899 3225 καὶ
914 3155 1032 3249 ἀρετῆς
1046 3161 1242 3245 ἐπιμέλειαν,

227 3253 270 3339 ὡς
288 3259 387 3342 ὄντες
395 3260 490 3342 ἀυτοὶ
511 3261 619 3352 κύριοι
641 3289 700 3332 του
686 3257 910 3350 βιλτίους”
889 3289 909 3343 η
923 3262 1053 3351 χείρους
1069 3264 1243 3347 γενέσθαι.

233 3361 420 3435 Τούτων
382 3395 446 3460 γαρ
466 3363 569 3456 μόνον
583 3363 695 3460 κύριός
709 3391 777 3446 τις,
799 3355 843 3431 ὧν
864 3370 920 3431 καὶ
940 3366 1000 3430 τοῦ
1018 3360 1066 3485 μὴ
1084 3359 1243 3454 πράττειν

228 3463 329 3547 ἆυτός
344 3468 405 3551 Β’)
387 3497 507 3560 εχει]
467 3497 497 3537 τι
497 3495 527 3553 [ν
539 3472 696 3552 ἐξουσίαν,
719 3475 774 3536 καὶ
784 3495 827 3535 τα
814 3465 926 3535 όίλλα
941 3470 994 3548 δὲ,
962 3459 1082 3534 ὲόσα
1095 3463 1243 3590 πράττο-

224 3594 284 3656 μεν
305 3571 392 3639 κατά
415 3571 473 3640 τὸν
495 3575 589 3660 βίον,
612 3566 665 3640 ότι
681 3569 788 3660 μόνως
810 3567 951 3658 εὐλόγως
972 3564 1127 3661 πράττειν
1145 3567 1187 3638 όίν
1209 3574 1243 3652 9)

225 3677 396 3763 ὃσκοῐμεν,
429 3678 457 3742 ἐι
488 3673 576 3743 κατὰ
600 3676 659 3758 τὴν
675 3674 930 3766 Ἀριστοτέλους
955 3669 1054 3754 δόξαν
1079 3679 1152 3763 περὶ
1181 3669 1241 3740 ἆυ-

210 3779 290 3845 .τιῖιν
310 3781 355 3861 ²⁰)
378 3775 611 3867 άποδιδοίημεν
631 3779 692 3860 τὰς
713 3777 839 3858 άιτίας,
867 3774 924 3844 666
946 3779 987 3858 ¹¹)
1009 3772 1134 3854 παντὸς
1156 3777 1242 3844 ἐπει·

226 3875 342 3970 ράθην
363 3875 440 3970 ὑμῖν
461 3887 678 3972 παραστῆσαι
699 3883 745 3963 ¹²)
768 3881 826 3948 τοῦ
848 3876 961 3965 λόγου.
