2728 4758
1042 421 1101 480 177

101 593 247 658 Deorum
269 601 371 654 autem
399 589 528 656 notitiae
557 611 620 654 non
649 591 863 669 indefinitum,
902 596 959 656 sed
993 593 1101 656 defiui-

94 709 179 759 tum.
235 695 306 758 Imo
335 694 532 758 manifestum
565 707 613 757 est
646 696 738 758 etiam
777 707 888 759 nostra
921 687 1130 782 cognitione¹

99 821 196 882 posse
217 799 374 861 interdum
396 797 523 862 delinito
545 797 636 862 nosci
657 799 689 861 id
711 804 797 883 quod
813 821 927 882 anceps
948 813 1005 875 est,
1031 821 1102 861 cum

99 902 218 984 scilicet
240 922 304 964 nou
327 900 410 962 ultra
431 901 564 982 proprie
587 913 634 964 est
665 885 799 994 anceps,
838 907 894 966 sed
922 903 1103 967 necessario

99 1005 243 1088 seqnitur
265 1016 463 1088 antegressas
487 1026 543 1066 cur
565 1005 620 1068 fiat
649 1029 770 1068 causas.
803 987 908 1069 ¹Nam
929 1018 964 1068 ut
987 1008 1102 1091 globus

99 1108 160 1172 iam
190 1108 353 1192 quiescens
396 1106 429 1169 in
462 1109 581 1188 plano,
638 1111 724 1192 quod
757 1109 877 1173 circulo
910 1109 1030 1173 finitori
1065 1109 1107 1172 sit

99 1211 330 1296 aequidistans,
360 1223 422 1300 ..²¹¹st
443 1223 609 1274 moveatur
630 1233 708 1274 mox
730 1215 769 1274 ab
793 1213 918 1295 aliquo,
958 1225 1010 1274 aut
1039 1234 1104 1275 nou

100 1326 286 1390 moveatur,
312 1312 391 1375 fieri
418 1325 589 1396 utrumque
610 1325 719 1397 potest
740 1327 883 1378 manente
905 1314 990 1396 plani
1010 1328 1102 1378 natu·
1163 1309 1167 1316 ’

97 1439 152 1492 ra;
188 1427 220 1480 at
241 1417 269 1480 si
288 1417 415 1499 planum
436 1417 622 1495 inclinetur,
660 1418 736 1509 iam
751 1417 822 1508 fieri
850 1419 960 1501 nequit
980 1429 1015 1480 ut
1038 1439 1103 1480 nou
1162 1415 1164 1419 ’

99 1532 280 1584 moveatur.
336 1519 415 1583 Ideo
438 1532 468 1582 et
491 1523 632 1583 medicos
665 1521 830 1596 videmus,
869 1523 951 1584 nune
979 1519 1106 1604 quidem
1154 1521 1155 1524 ’

97 1623 175 1686 nihil
204 1625 360 1686 audentes«
387 1623 540 1685 affirmare
570 1626 609 1686 de
643 1624 900 1708 aegrotantibus,
939 1623 1039 1688 sintne
1069 1625 1108 1685 ad

98 1707 265 1790 sanitatem
286 1726 418 1792 redituri
440 1747 478 1788 an
500 1725 679 1800 interituri;
705 1727 777 1810 quia
792 1727 946 1789 utrumvis
963 1707 1110 1789 uideatur

98 1830 170 1893 lieri
192 1851 315 1912 posse,
351 1829 424 1892 alias
454 1850 534 1892 vero
557 1830 623 1892 sine
645 1829 851 1892 haesitatione
881 1851 1022 1892 asserere
1043 1831 1105 1892 ho·
1159 1843 1162 1850 “
1208 1866 1212 1873 ,

100 1953 172 1995 rum
196 1934 346 2009 alterum,
382 1945 531 2016 tanquam
552 1935 639 2016 quod
662 1932 790 1998 omnino
813 1932 991 2018 aegrotanti
1011 1951 1111 1996 even·
1159 1943 1162 1952 '

100 2043 208 2100 turum
230 2036 283 2099 sit.
804 2047 808 2056 ’
1157 2022 1163 2037 “

564 2145 595 2216 §.
621 2140 652 2201 7.

157 2241 329 2326 'Quoniam
358 2263 438 2306 vero
467 2242 610 2306 nonnulli
632 2240 778 2304 audacius
799 2261 833 2304 se
857 2252 1001 2326 gerentes
1024 2241 1108 2303 eirca
1140 2246 1162 2256 ''

103 2348 290 2434 propositae
326 2345 386 2408 iarn
417 2329 606 2428 quaestionis
640 2344 819 2432 indaginem
847 2332 1009 2408 confidunt
1026 2339 1138 2430 pro-⁵

102 2455 180 2516 bare
203 2473 237 2514 se
258 2471 355 2531 posse
377 2469 417 2510 ne
439 2448 508 2510 Diis
539 2448 665 2531 quidem
694 2450 802 2510 adesse
825 2447 982 2510 definitam
1004 2469 1112 2509 rerum

103 2555 288 2638 ancipitium
316 2550 549 2636 cognitionem,
585 2553 771 2614 adducentes
801 2551 930 2614 oracula
959 2553 1111 2633 qtracdam

105 2658 282 2724 defuturis
305 2657 422 2732 rebus,
462 2655 568 2718 verbis
597 2654 759 2737 loquentia
788 2653 925 2734 dubiis„
948 2653 1112 2716 dicendum
1153 2661 1155 2667 '

103 2764 147 2828 eis
170 2764 259 2846 quod
279 2781 411 2846 magnus
436 2758 586 2840 Syriauus
610 2757 702 2832 dicit,
726 2756 863 2839 primum
885 2757 1012 2842 quidem
1034 2777 1111 2820 cou-
1151 2761 1157 2772 ”

106 2847 324 2940 siderandum,
371 2862 455 2924 aliud
493 2881 561 2922 esse
594 2859 739 2922 Deorum
773 2859 987 2944 cognitionem
1018 2870 1112 2944 atque
1146 2861 1157 2882 '³

6 3033 10 3044 ,
102 2968 366 3042 intellectionem,
392 2964 476 3027 aliud
497 2983 577 3026 vero
602 2962 819 3044 operationem
841 2961 985 3026 fatidicae
1005 2953 1122 3024 motae
1150 2957 1154 2986 ²

103 3073 230 3158 quidem
253 3093 271 3133 a
292 3071 383 3154 Deo,
422 3069 478 3140 sed
506 3065 538 3128 in
560 3086 593 3127 se
615 3064 758 3147 pariente
782 3077 813 3126 et
835 3064 991 3128 rationem
1013 3063 1114 3146 parti·
1148 3067 1155 3078 ⁴

102 3178 199 3242 bilem
222 3187 253 3237 et
275 3172 412 3235 carmina
436 3181 466 3232 et
488 3168 630 3232 notitiam
653 3166 791 3230 dubiam.
832 3169 907 3229 Non
930 3167 1115 3247 enimquod
1150 3163 1155 3174 ⁴

103 3282 283 3346 illustratur
304 3277 400 3340 .idem·
419 3286 477 3336 est
508 3296 579 3336 cum
608 3293 647 3336 eo
678 3272 766 3354 quod
798 3269 952 3344 illustrat,
1003 3271 1119 3331 deinde

103 3385 201 3450 etiam
224 3384 269 3447 ob¹
290 3381 490 3444 commodum
513 3375 703 3440 audientium
732 3372 799 3438 dari
831 3370 989 3435 interdum
1022 3368 1152 3434 dubia
1188 3358 1194 3372 '

108 3488 258 3562 oracula,
296 3496 332 3546 ut
352 3485 468 3563 horum
488 3477 693 3564 intelligentia
717 3488 915 3540 exerceatur.
974 3476 1116 3540 Utuntur
1148 3489 1152 3496 ·

108 3592 192 3657 eninr
214 3588 269 3654 Dii
290 3585 400 3662 uobis,
424 3596 459 3647 ut
481 3582 536 3666 qui
556 3604 576 3644 a
595 3581 688 3644 nobis
710 3579 998 3663 ipsis'moveamur
1022 3579 1115 3640 etad
1145 3594 1147 3598 ·

107 3717 180 3760 eum
197 3695 330 3760 ¹modurn
352 3709 403 3756 res
433 3698 558 3750 nostras
590 3686 790 3769 gubernant,
828 3681 993 3764 omniaque
1023 3679 1115 3743 nobis

11 3769 14 3778 Ι
105 3799 150 3864 ita
171 3809 206 3860 ut
229 3815 387 3858 meremur
410 3789 611 3853 distribuunt.
671 3786 734 3848 Sed
760 3787 839 3848 haec
870 3785 957 3849 forte
986 3781 1113 3846 audacia

104 3914 135 3968 et
158 3903 198 3966 ab
224 3917 264 3964 eo
287 3898 375 3982 quod
396 3915 479 3958 nune
501 3888 712 3956 examinamus
736 3888 850 3971 procul
872 3884 1063 3950 recedentia.

786 3990 825 4056 12
883 3987 891 4003 ⁸
