2758 4760
1022 389 1026 394 ¹
1068 413 1127 477 139

120 591 246 644 trabeata
292 583 342 644 Ac
363 583 498 664 primum
526 585 650 668 quidem
672 586 756 648 circa
777 605 854 668 quas
876 605 926 650 res
941 577 980 648 vid
1006 582 1127 646 versari

121 685 285 750 dicendum
307 686 364 761 sit,
399 687 611 768 inspiciamus.
666 689 704 751 Id
725 689 823 764 enim,
858 689 913 752 ubi
937 687 1129 752 declaratum
1165 745 1166 748 ,

119 789 236 866 luerit,
277 805 392 871 operae
417 791 552 872 pretium
577 790 672 854 fuerit
705 792 796 854 etiam
829 792 949 875 reliqua
973 810 1125 874 quaerere
1209 781 1212 786 ’

120 895 158 954 de
176 893 262 974 ipson
305 894 414 974 Ipsum
427 894 532 978 rigitur
547 896 659 957 Fatum
679 897 822 983 omnibus
841 900 935 960 rebus
958 896 1127 979 adiungere

119 1010 151 1060 et
186 997 292 1061 omnia
329 999 411 1074 entia
442 1000 611 1060 secundum
643 1000 756 1061 Fatum
792 1021 860 1063 esse
897 1000 1021 1075 dicere,
1065 1011 1128 1060 tam

118 1101 310 1183 sempiterna
336 1117 428 1184 quam
453 1121 535 1180 non,
572 1123 674 1185 neque
696 1102 813 1186 alioqui
841 1102 1028 1168 rationabile
1059 1113 1123 1176 est,

118 1227 224 1288 neque
248 1205 364 1278 abiis,
400 1206 455 1286 qui
483 1205 616 1267 maxime
643 1207 755 1269 Fatum
785 1209 949 1268 decantant
975 1227 1032 1268 ceu
1055 1226 1128 1268 carr*
1201 1231 1212 1246 f

118 1331 185 1373 sam
213 1309 352 1373 omnium
377 1329 484 1370 rerum
508 1329 587 1390 quae
611 1308 707 1384 fiunt,
747 1309 913 1372 admissum
938 1333 975 1372 ae
996 1331 1128 1372 conces-

118 1435 202 1476 sum.
247 1414 361 1494 Neque
384 1412 465 1474 enim
485 1411 601 1474 rationi
619 1424 862 1475 consentaneum
885 1425 932 1475 est
954 1425 989 1474 nt
1013 1413 1129 1493 sempia

118 1531 245 1580 ternum
260 1517 429 1578 secundum
437 1517 550 1577 Fatum
567 1536 635 1577 esse
651 1515 800 1578 dicamus.
817 1515 995 1578 Ridiculum
1014 1516 1130 1599 quippe

118 1633 168 1684 est
192 1621 218 1682 si
249 1619 318 1702 quis
351 1620 559 1682 dimetientem
591 1619 682 1681 lateri
707 1620 901 1703 inaequalem
928 1635 996 1682 esse
1018 1643 1129 1682 secun-

118 1729 194 1787 dum
221 1725 334 1786 Fatum
354 1735 489 1818 asserat,
521 1736 575 1786 aut
599 1723 790 1807 triangulum
816 1736 988 1804 propterea
1010 1725 1129 1786 duabus
1178 1737 1180 1748 ’

118 1826 214 1890 rectis
241 1827 386 1909 aequales
412 1829 531 1889 habere
553 1827 686 1910 angulos
713 1827 931 1903 extrinsecos,
957 1839 988 1890 et
1004 1827 1127 1908 penitus

117 1953 156 1994 ea
187 1952 267 2013 qnae
302 1950 427 2010 semper
453 1932 622 1992 secundum
652 1932 760 1992 eadem
783 1943 812 1991 et
830 1933 953 1998 eodem
973 1934 1068 1993 modo
1094 1953 1128 1992 se

117 2037 258 2107 habent,
302 2035 470 2094 absurdum
503 2045 549 2095 est
582 2033 608 2094 si
645 2033 713 2116 quis
743 2037 912 2095 secundnm
941 2036 1054 2096 Fatum
1085 2037 1129 2096 ita

117 2140 187 2220 ipsa
211 2140 329 2199 habere
359 2149 531 2198 asseveret.
577 2135 774 2215 Quinetiam
803 2157 842 2197 ne
873 2136 976 2198 omnia
1005 2137 1127 2218 quidem

119 2264 202 2325 quae
230 2241 416 2324 gignuntur.
477 2241 701 2323 Quaecumque
719 2240 799 2302 enim
822 2243 936 2303 horum
954 2239 1127 2302 ordinatam

120 2360 153 2409 et
177 2357 295 2408 certam
319 2342 552 2427 generationem
567 2345 683 2406 habent
708 2356 739 2404 et
760 2355 890 2419 motum,
912 2343 980 2424 ipsa
1002 2365 1129 2426 quoque

82 2528 84 2536 ‚
118 2461 212 2514 extra
233 2450 347 2510 Fatum
368 2447 472 2527 posita
497 2459 580 2507 sunt.
625 2448 701 2509 Non
728 2447 809 2510 enim
833 2447 913 2535 Fato
942 2447 998 2509 Sol
1019 2447 1051 2509 in
1081 2449 1130 2510 hi·-

118 2557 222 2616 berno
242 2562 294 2612 aut
313 2551 432 2612 aestivo
456 2549 591 2612 solstitio
609 2562 772 2626 versatur,
796 2571 897 2633 neque
910 2551 1007 2612 ullum
1023 2561 1127 2612 astro*

117 2679 190 2719 rum
214 2657 297 2718 Fato
334 2675 457 2715 earrsam
493 2671 567 2715 'suae
600 2653 724 2717 lationis
757 2665 915 2734 acceptam
948 2653 1028 2716 fert:
1075 2656 1130 2713 sed

121 2756 211 2821 relnt
233 2759 320 2819 iuxta
339 2757 502 2819 essentiam
525 2770 555 2819 et
584 2756 786 2818 substantiam
807 2758 905 2818 libera
934 2767 1005 2818 sunt
1033 2779 1050 2818 a
1075 2758 1129 2817 tali

55 2908 62 2920 1
120 2877 237 2937 cansa,
271 2861 315 2922 ita
341 2881 467 2943 quoque
488 2861 520 2942 in
542 2860 682 2941 propriis
705 2861 838 2922 actibus.
895 2860 1001 2938 Quare
1022 2879 1127 2922 rerum
1194 2917 1199 2932 χ

119 2961 379 3046 sempiternarum
409 2975 462 3024 arnt
494 2984 572 3045 quae
601 2965 771 3057 sqcundum
802 2965 910 3024 cadem
951 2975 982 3024 et
1017 2965 1128 3025 eodem

119 3071 216 3131 modo
251 3089 376 3147 semper
407 3087 441 3128 se
472 3067 605 3142 habent,
651 3066 738 3128 nullo
774 3077 869 3145 pacto
896 3066 1008 3126 Fatum
1038 3088 1130 3127 causa

120 3170 262 3242 exsistit3
287 3172 342 3231 sed
359 3169 483 3231 videtur
501 3169 532 3230 in
551 3171 645 3231 rebus
666 3169 862 3254 generatiitni
883 3180 913 3229 et
933 3169 1129 3248 corruptioni

120 3273 269 3336 subiectis
291 3275 404 3334 Fatum
429 3273 563 3334 versari.
622 3274 660 3335 In
685 3273 721 3334 iis
745 3273 824 3334 enim
851 3292 949 3353 quae,
982 3283 1131 3352 quantum

121 3380 161 3438 ad
183 3377 357 3438 naturalem
383 3387 567 3456 apparatum
590 3377 742 3456 pertinet,
768 3389 840 3456 apta
855 3387 926 3436 sunt
948 3385 978 3435 ct
1001 3383 1130 3452 eompass

121 3492 193 3542 rata
216 3482 256 3540 ad
278 3479 448 3560 opposita,
479 3479 527 3539 vis
548 3479 620 3540 Fati
644 3478 766 3542 versari
792 3480 937 3552 videtur,
975 3476 1008 3537 in
1029 3476 1130 3536 altero

46 3627 51 3633 ,
122 3582 346 3665 oppositorum
380 3583 530 3644 cohibens
564 3603 600 3644 ea
637 3595 670 3645 ct
705 3602 914 3656 conservans,
962 3581 1130 3642 secundum

122 3688 278 3769 quandam
302 3685 420 3771 ordinis
444 3687 710 3768 consequentiam.
757 3686 846 3765 Quae
867 3683 947 3746 enim
965 3683 1031 3744 sine
1047 3682 1129 3742 Fato
1222 3718 1231 3736 ,

122 3789 253 3854 nonita
278 3811 312 3852 se
334 3791 451 3852 habere
479 3810 574 3870 posse
597 3788 759 3864 videntur,
799 3809 835 3851 ea
863 3809 881 3849 a
902 3787 983 3848 Fato
1008 3784 1039 3846 in
1061 3785 1126 3845 hoe

124 3892 251 3957 ordine
271 3892 454 3954 conservari
496 3892 653 3954 ridentur.
720 3891 810 3954 Talia
837 3903 939 3954 antem
967 3898 1039 3950 sunt
1065 3907 1130 3948 non

24 4041 31 4074 ,
124 3997 183 4059 alia
209 3996 313 4072 entia,
353 4011 445 4080 quam
470 4017 506 4060 ea
528 4017 607 4079 quae
629 3987 753 4060 suntin
776 3992 981 4079 generatione
1004 4002 1035 4053 et
1057 4009 1131 4052 cor·-

962 4197 978 4222 δ
