2728 4758
1049 391 1121 456 itt]

586 555 633 618 V.

173 658 219 722 At
235 658 322 724 torte
337 679 400 724 nou
420 679 459 722 eo
473 678 538 742 quo
561 657 695 722 dumus
713 661 810 724 modo
833 672 945 726 cuneta
968 662 1109 749 dirigun-
1213 653 1216 662 ’

108 771 179 838 tur,
215 763 274 826 sed
302 760 504 832 circumactio
536 772 647 824 cuncta
677 760 875 844 dispensans,
902 765 1109 852 siderumquc

109 885 220 932 cursus
243 864 287 928 ita
305 886 449 949 quaeque
468 861 578 940 afficit,
603 877 701 946 prout
720 867 816 930 habet
837 888 912 932 suos
933 869 1055 951 positus
1076 871 1108 936 in

105 966 251 1046 meridie,
276 979 369 1045 unu,
402 990 518 1032 occasu
536 967 589 1030 vel
604 989 774 1032 concursu.
830 971 922 1035 Unde
952 972 1109 1040 divinato-

105 1091 157 1134 res
185 1070 370 1154 praedicunt
398 1073 437 1135 de
464 1069 579 1136 suturis
608 1069 640 1132 in
667 1070 832 1153 universa,
867 1085 899 1138 et
921 1074 953 1138 in
977 1076 1109 1162 singulis

103 1193 163 1236 nec
183 1175 287 1238 solum
306 1173 405 1257 qualis
424 1174 555 1239 fortuna
574 1174 630 1236 scd
653 1173 746 1238 etiam
771 1174 870 1258 qualis
892 1177 992 1242 ferme
1017 1181 1109 1267 cogi·
1194 1249 1197 1255 ,

101 1275 181 1340 tatio
207 1275 248 1340 sit
266 1277 386 1341 sutura.
432 1276 559 1360 Quippe
584 1276 726 1360 conspici
747 1290 779 1342 et
805 1277 864 1342 alia
889 1280 1055 1347 animantia
1077 1297 1109 1348 et

100 1379 217 1462 stirpes
246 1402 309 1464 pro
338 1379 558 1446 conuenientia
585 1403 679 1464 quam
715 1403 786 1444 curn
814 1381 969 1448 sideribus
990 1386 1108 1450 habent

100 1504 247 1548 crescere
264 1465 299 1548 e't
320 1487 522 1562 decrescere,
547 1505 599 1548 res
621 1483 714 1551 etiam
729 1484 804 1548 alias
822 1487 861 1548 ab
879 1485 916 1550 iis
931 1487 1029 1566 affici,
1053 1511 1107 1552 re·

101 1585 214 1672 giones
235 1587 316 1654 euim
336 1589 419 1652 inter
430 1610 463 1652 se
483 1588 612 1652 differre
632 1600 862 1671 prorespectu
880 1595 972 1674 quem
989 1593 1108 1659 habent

99 1693 140 1754 ad
154 1691 355 1770 universum,
389 1692 524 1757 maxime
539 1695 652 1758 solem.
695 1693 765 1756 Pro
786 1692 848 1756 illis
870 1707 973 1758 autem
995 1696 1107 1781 regio·

99 1793 193 1858 uibus
216 1795 413 1887 conformari
433 1818 499 1860 non
516 1796 631 1880 stirpes
652 1807 772 1860 tantum
793 1807 825 1858 et
848 1797 1014 1887 animantia
1032 1799 1103 1878 alia,

98 1899 158 1964 scd
177 1909 210 1960 et
230 1898 392 1964 hominum
412 1898 534 1978 formas
553 1911 585 1966 et
601 1897 829 1984 magnitudines
851 1911 883 1962 et
904 1901 1048 1978 colores,
1071 1915 1106 1966 et

99 1999 197 2070 mimi
210 2002 341 2066 affectus
358 2015 389 2066 et
406 2002 566 2086 cupidines
584 2015 616 2066 et
634 2002 736 2066 studia
750 2014 781 2065 et
798 2023 924 2066 maresa
948 2005 1106 2071 dominam

99 2102 207 2188 itaque
238 2127 346 2169 nerum
378 2105 518 2170 omnium
547 2125 615 2170 esse
644 2103 784 2170 universi
816 2106 1105 2174 circumactiouem.

98 2206 154 2272 Ad
170 2209 250 2279 baec
273 2203 378 2292 primu
397 2210 473 2273 loco
495 2208 658 2274 dicendum
681 2221 745 2286 est,
771 2207 863 2272 etiam
888 2231 959 2272 eum
985 2210 1039 2296 qui
1056 2211 1105 2277 sic

98 2310 216 2388 sentit,
249 2324 365 2376 *nostra
393 2314 498 2377 omnia
523 2312 667 2394 supernis
695 2307 790 2375 'rebus
810 2312 988 2377 adscribere
1006 2314 1104 2378 etiam

6 2460 8 2469 ,
96 2415 278 2489 vduutates
301 2427 333 2479 et
344 2415 606 2498 perturbationes
625 2426 656 2478 et
670 2414 751 2478 ¹vitia
772 2427 803 2478 et
824 2416 979 2482 motiones
1005 2439 1103 2500 appe-

95 2517 230 2584 tituum:
263 2519 355 2596 uobis
378 2540 459 2584 vero
481 2518 557 2594 nihil
580 2521 672 2595 dare,
707 2519 767 2582 nisi
788 2522 876 2602 quod
896 2520 1035 2584 feramur
1055 2522 1103 2584 la·

95 2620 204 2704 pidum
227 2623 347 2700 instar,
378 2633 565 2699 nouantem
582 2633 618 2684 ut
638 2621 781 2686 homines
802 2622 898 2686 simus
915 2623 1102 2696 babeamus-

95 2745 159 2810 que
180 2747 199 2790 a
221 2725 314 2790 nobis
337 2738 368 2790 et
394 2748 435 2790 ex
456 2725 549 2790 uobis
576 2746 657 2807 opus
677 2723 815 2808 aliquod
835 2725 997 2790 humanae*
1010 2739 1102 2792 natu·

93 2847 163 2892 rae.
221 2829 268 2894 At
295 2850 377 2895 vero
406 2831 506 2897 danda
534 2839 607 2894 sunt
637 2827 730 2893 nobis
763 2849 843 2911 quac
871 2842 981 2902 nostru
1009 2817 1099 2910 suut,

93 2930 218 2996 sedita
245 2945 280 2995 ut
306 2935 345 2996 ad
378 2955 415 2996 ea
450 2955 530 3017 qnae
562 2932 623 2997 iam
647 2943 758 2994 nostra
786 2943 876 3008 sunt,
916 2945 947 2996 ct
968 2933 1103 3017 propria

91 3020 186 3100 uobis
209 3035 257 3115 {ab
280 3021 430 3102 universo
457 3037 561 3121 aliqua
589 3034 772 3112 deveniant,
818 3045 849 3098 et
881 3034 1099 3121 distinguenda

93 3128 248 3222 quaedam
277 3161 358 3224 quae
393 3163 452 3204 uos
480 3140 612 3204 facimus
645 3139 685 3202 ab
718 3138 802 3214 aliis,
846 3159 925 3220 quae
958 3151 1031 3204 sunt
1059 3161 1102 3204 ex

93 3242 297 3319 necessitate,
321 3264 386 3310 non
402 3243 505 3307 omnia
517 3243 695 3308 ‘attribuere
708 3239 811 3306 astris.
850 3240 1101 3326 [ignoscendum
1147 3235 1157 3292 Ὗ

91 3345 177 3410 euim
195 3367 326 3410 manare
341 3347 380 3412 ad
398 3367 458 3411 nos
476 3339 628 3429 quaedam
645 3367 687 3409 ex
708 3345 855 3410 locorum
874 3355 905 3410 et
923 3342 989 3407 cius
1013 3349 1100 3428 quod

91 3447 165 3514 loca
180 3447 276 3514 ambit
293 3449 491 3526 diversitate,
516 3450 655 3516 calorem
678 3461 755 3533 puta
774 3459 827 3510 aut
845 3447 948 3534 frigus
970 3446 1003 3512 iu
1020 3459 1098 3528 tems

90 3564 297 3636 paramento,
332 3554 389 3618 sed
416 3563 448 3617 ct
472 3553 567 3618 multa
592 3553 691 3618 fluere
714 3555 753 3616 ad
777 3573 836 3616 uos
859 3573 878 3616 a
901 3550 1097 3634 parentibus.

91 3657 175 3719 Nam
195 3657 379 3739 parentibus
406 3656 522 3722 similes
547 3659 587 3720 ad
609 3655 778 3739 plurimum
797 3657 954 3719 habemus
976 3653 1097 3719 formas

90 3772 136 3833 et
153 3761 304 3843 quasdam
337 3760 429 3824 animi
457 3759 713 3842 perturbationes
741 3781 759 3822 a
792 3758 916 3839 ratione
948 3759 1096 3822 absonas.

85 3863 215 3926 'Verum
238 3875 340 3928 tamen
363 3886 541 3949 quanquam
558 3863 590 3932 in
611 3862 719 3928 iisdem
738 3861 817 3925 locis
839 3862 968 3924 multum
997 3860 1096 3923 simile

89 3965 227 4042 habeant
248 3967 389 4046 suranae,
411 3968 459 4036 ¹in
489 3966 630 4036 moribus
653 3977 684 4030 et
709 3964 954 4057 cogitationibus
984 3964 1094 4048 ingens
