2758 4760
649 381 665 406 l

1086 401 1145 463 raa
1198 477 1201 484 ,

141 578 218 660 ipsis
250 571 451 638 inscientibus
484 585 516 634 et
547 571 659 634 artium
688 563 806 655 ignaris
835 571 1018 633 aFortnna
1041 581 1144 633 arunte

97 683 100 691 '
139 683 215 752 Non
239 677 321 740 enim
344 675 398 758 qui
418 674 509 738 faber
531 695 595 739 non
618 686 682 750 est,
713 694 819 736 rerum
841 671 998 736 fabrilium
1021 694 1145 736 causam

137 781 251 857 novit,
276 800 378 862 neque
400 777 455 861 qui
475 799 541 841 non
563 789 610 840 est
632 776 784 853 musicus,
810 775 1019 850 musicarum,
1042 795 1145 856 neque

137 885 215 948 alius
238 882 319 946 ullus
343 880 418 944 artis
440 880 570 965 ignarus
594 900 731 961 eaquae
762 902 803 944 ex
832 890 899 942 arte
920 877 999 941 fiunt
1022 899 1144 961 cogno·

135 988 208 1050 scit.
253 986 318 1048 Ars
352 984 433 1048 enim
465 984 497 1046 in
526 981 708 1068 cognitione
738 1003 866 1058 eornm,
906 1000 987 1063 quae
1016 990 1056 1042 e'x
1078 991 1145 1044 arte

94 1167 97 1183 ‚
134 1091 236 1166 liunt,
262 1086 424 1168 consistite

497 1256 579 1340 Cap.
614 1253 792 1321 ΧῙΝΙΙῙ.Ι

563 1381 609 1437 De
627 1383 712 1434 [ato.

198 1503 249 1568 De
269 1503 350 1566 Fato
372 1502 633 1565 considerandum
654 1511 702 1564 est
719 1519 756 1562 ac
776 1495 1027 1582 perspiciendum
1051 1501 1141 1583 qnid·

135 1627 206 1668 nam
225 1607 265 1668 sit
288 1618 320 1667 et
340 1605 371 1668 in
395 1603 521 1687 quibus.
567 1605 648 1668 Esse
668 1603 749 1682 enim
772 1605 886 1666 Fatum
904 1603 977 1665 satis
1001 1625 1147 1666 commu·

133 1711 181 1772 nis
208 1709 371 1772 hominum
401 1707 584 1788 anticipatio
612 1707 761 1770 declarat.
821 1708 943 1768 Natura
971 1705 1057 1768 enim
1077 1727 1142 1767 non

87 1853 93 1857 -
136 1824 185 1874 est
208 1833 288 1874 vana
310 1831 411 1892 neque
439 1810 611 1872 mutabilis.
673 1811 799 1892 Quippe
825 1811 1040 1893 Anaxagorae
1065 1809 1144 1870 fides

134 1917 220 1978 haud
256 1926 303 1976 cst
332 1915 493 1988 habenda,
539 1915 593 1997 qui
622 1913 780 1977 coinmuni
808 1913 950 1995 opinioni
985 1911 1142 1996 refragari

137 2039 231 2080 ausus
262 2029 321 2079 est.
365 2015 422 2080 Ait
451 2017 532 2079 enim
556 2017 632 2078 nihil
648 1994 726 2078 'esse
750 2016 852 2095 ipsum
871 2016 984 2077 Fatum
1005 2016 1141 2096 penitus,
1194 2051 1196 2056 ,

108 2123 189 2202 *sed
215 2105 329 2182 vanum
356 2139 424 2180 esse
448 2141 484 2180 ac
499 2119 697 2181 temerarium
719 2117 751 2179 id
766 2117 914 2180 nominis.
959 2118 1044 2197 Quid
1062 2139 1142 2180 vero

133 2225 173 2287 sit
207 2225 321 2286 Fatum
348 2235 379 2283 et
408 2222 440 2284 in
476 2223 589 2306 quibus
619 2233 781 2296 versetur,
822 2220 993 2284 communis
1031 2219 1143 2301 opinio

134 2327 210 2390 satis
233 2327 394 2407 explicare
415 2347 480 2388 non
498 2338 622 2407 potest:
647 2347 748 2408 neque
770 2325 851 2388 enim
872 2341 978 2387 secum
1000 2323 1061 2404 ipsi
1086 2345 1142 2385 ne-

136 2451 198 2514 que
217 2453 287 2492 cum
308 2431 376 2492 aliis
403 2432 441 2492 de
464 2431 523 2492 hac
545 2451 580 2492 re
601 2430 772 2492 convenire
789 2442 939 2512 possunt;
973 2429 1060 2492 iuxta
1086 2447 1143 2490 oc·
1214 2447 1222 2454 ·

133 2533 277 2597 casiones
304 2532 386 2596 enim
416 2544 447 2595 et
472 2533 718 2596 circumstantias
745 2533 928 2596 sententiam
952 2547 1079 2614 qnoque
1103 2535 1140 2602 dc

133 2639 218 2702 Fato
244 2647 376 2698 mutant.
420 2636 618 2718 Quandoque
648 2635 728 2700 enim
751 2657 816 2698 rem
845 2635 1086 2717 insuperabilem
1110 2629 1142 2696 et

132 2739 345 2804 mevitabilem
367 2739 481 2800 Fatum
508 2759 576 2800 esse
601 2750 758 2815 statuunt,
790 2752 821 2801 et
843 2725 947 2804 omnia
969 2738 1050 2801 entia
1070 2759 1137 2802 om-

132 2843 252 2926 niaque*
269 2863 349 2925 quae
374 2842 473 2916 fiunt,
505 2841 587 2904 Fato
613 2841 792 2905 subiiciunt.
837 2843 1036 2927 Quandoque
1057 2863 1137 2908 vero
1199 2829 1201 2833 ι

133 2967 191 3010 eos
213 2945 321 3007 audire
342 2944 415 3006 licet
436 2928 571 3006 dicentes
594 2942 711 3026 aliquid
736 2945 863 3025 praeter
885 2948 998 3009 Fatum
1020 2967 1087 3010 esse
1106 2958 1137 3009 et
1194 3005 1197 3012 a

133 3061 260 3132 praeter
285 3049 433 3110 Parcam.
488 3049 541 3110 Et
563 3069 656 3130 quam
686 3047 864 3128 saepissime
891 3049 1003 3132 quibus
1035 3071 1136 3132 neque

131 3155 263 3217 fortuna
289 3153 400 3212 dextre
419 3149 517 3226 cadit,
549 3171 651 3232 neque
669 3151 798 3214 consilia
825 3164 877 3214 aut
900 3153 1032 3233 propria
1058 3174 1136 3232 pro-

132 3256 238 3338 posita
264 3252 481 3328 stabiliuntur,
527 3255 566 3315 ad
597 3255 710 3316 Fatum
741 3265 888 3336 tanquam
917 3258 956 3318 ad
980 3246 1137 3336 quoddam

133 3360 254 3439 asylum
272 3355 477 3440 confugiunt,
509 3367 539 3418 et
557 3357 681 3440 culpam
703 3378 831 3434 rerum,
856 3362 944 3440 quae
961 3380 1026 3421 non
1048 3371 1134 3448 recte

133 3474 288 3549 geruntur
303 3473 355 3523 aut
376 3470 483 3544 gestae
498 3461 536 3521 ab
553 3460 629 3540 ipsis
651 3473 741 3542 sunt,
774 3483 839 3523 ase
856 3461 887 3523 in
906 3463 1019 3524 Fatum
1034 3473 1137 3524 trans·

131 3571 257 3642 lerunt,
290 3576 321 3628 et
350 3563 457 3626 omnia.
474 3563 495 3624 ii
517 3575 592 3624 tunc
619 3563 771 3628 affirmant
793 3565 862 3627 fieri
887 3568 1056 3628 secundum
1074 3567 1136 3632 Fa-

131 3685 220 3744 tum3
258 3667 323 3732 Ubi
345 3688 424 3730 vero
446 3667 574 3731 fortuna
595 3666 628 3730 in
648 3668 757 3730 melius
779 3668 946 3744 ceciderit,
985 3691 1049 3732 non
1072 3691 1137 3732 am-

131 3775 214 3857 plius
253 3769 294 3833 in
320 3773 427 3834 eadem
462 3769 613 3832 sententia
638 3783 773 3832 manent.
836 3771 959 3851 Quibus
985 3793 1063 3836 vero
1095 3795 1137 3834 ex

132 3874 286 3940 sententia
308 3873 423 3955 aliquid
445 3873 573 3936 cesserit
599 3895 617 3935 a
642 3874 791 3948 fortuna,
827 3875 886 3938 sibi
912 3873 1018 3956 potius
1043 3897 1136 3958 quam

132 3981 215 4043 Fato
242 3998 366 4039 causam
391 3977 473 4040 illius
499 3976 545 4038 roi
572 3976 764 4044 adscribunt.
809 3975 875 4042 Alii
895 3988 966 4041 sunt
992 3958 1046 4060 qui
1068 4000 1136 4042 om-
