2728 4758
1055 413 1116 484 us
1155 515 1157 520 Ι

113 605 154 648 en
175 601 278 670 equo,
302 586 400 648 horno
423 605 463 648 ex
482 585 607 652 homine
630 595 661 650 et
674 585 745 651 talis
768 603 809 651 ex
834 584 902 651 tali.
933 585 1116 670 Opituletur

113 707 187 752 sane
212 690 252 750 ad
277 689 341 751 hoe
364 698 396 750 et
416 689 557 752 universi
575 689 807 767 ‘circumactim
837 692 894 754 sed
915 689 959 754 ita
978 689 1118 753 ut'haee

113 791 211 854 multa
226 787 319 854 etiam
336 790 727 876 gignentibusrelinquat.
772 792 895 856 Deinde
911 795 984 855 dent
1007 792 1117 855 stellae

112 893 204 957 etiam
231 892 422 976 corporibus
443 896 540 957 multa
562 915 679 977 corpus
705 895 899 977 spectantia,
931 906 1009 977 puta
1030 895 1117 959 calo·

111 1017 162 1060 res
188 1008 220 1060 et
244 996 369 1082 frigora
398 1006 429 1059 et
460 1008 704 1079 temperaturam
729 1018 771 1060 ex
793 998 831 1062 iis
859 1010 1117 1081 consequentem.

110 1100 157 1163 At
188 1101 352 1182 quomodo
386 1099 458 1163 inde
494 1121 601 1164 mores
632 1111 665 1162 et
696 1100 799 1164 studia
834 1113 865 1164 et
893 1121 975 1184 quae
1005 1101 1118 1166 nolunt

111 1201 259 1284 eorporis
280 1213 529 1285 temperamento
559 1201 719 1286 obsequi?
747 1203 920 1284 Quomodo
949 1202 1022 1266 inde
1044 1204 1120 1268 lite-⁴

33 1369 35 1374 ,
111 1318 208 1370 rator·
226 1317 279 1370 aut
299 1327 427 1370 mensor
452 1317 505 1368 aut
527 1308 666 1392 aleator,
706 1317 758 1368 aut
780 1325 887 1368 rerum
909 1305 1040 1369 aliarum
1064 1327 1116 1370 re-

3 1459 4 1466 ,
110 1406 245 1490 pertor?
279 1407 429 1471 Pratitas
455 1421 558 1471 eutem
577 1417 705 1473 'morum
721 1409 892 1492 'quomodo
919 1409 959 1470 ab
992 1406 1029 1472 iis
1063 1411 1119 1472 da·

111 1510 197 1574 bitur
218 1511 274 1594 qui
294 1510 348 1574 Dii
371 1510 470 1574 stmt?
492 1513 575 1576 Nam
597 1512 678 1574 mala
699 1513 773 1580 dare
795 1509 942 1572 dicuntur
961 1531 1033 1576 eum
1055 1510 1117 1594 ipsi

112 1614 287 1677 afficiuntur
308 1614 410 1692 malo,
441 1613 474 1677 id
491 1626 538 1677 est
556 1636 626 1677 cum
649 1613 812 1690 occidunt,
846 1624 899 1675 aut
920 1614 1029 1677 subter
1050 1625 1116 1676 ter·

25 1783 28 1792 ,
112 1738 180 1779 ram
205 1717 369 1794 terentio,
404 1716 494 1801 qrrasi
512 1717 591 1780 novi
611 1717 728 1800 aliquid
748 1715 909 1798 patiantur
927 1736 998 1778 eum
1015 1715 1118 1780 nostri

114 1839 208 1882 eausa
240 1819 407 1897 occidunt,
426 1831 477 1883 et
509 1840 573 1883 non
605 1841 729 1900 semper
762 1820 906 1884 ferantur
935 1819 1115 1884 caelestium
1201 1855 1204 1864 ·

112 1922 272 1987 rotatione
295 1923 442 1999 orbium,
477 1924 573 1986 etad
600 1931 717 1984 terram
741 1920 884 2004 pariliter
908 1923 1113 1986 rehabeant.

113 2027 227 2108 Neque
259 2025 422 2091 dicendum
454 2025 509 2088 ubi
534 2024 623 2088 Deus'
653 2026 732 2087 alter
759 2021 892 2104 adspicit
919 2025 1055 2088 alterum
1076 2047 1118 2088 ex

112 2130 175 2192 hae
197 2129 250 2192 vel
274 2127 328 2191 illa
356 2127 508 2204 statione,
544 2130 587 2191 ob
612 2127 645 2190 id
665 2148 737 2189 eum
761 2125 851 2189 reddi
870 2111 1040 2191 meliorem·
1063 2139 1116 2191 aut

113 2231 275 2315 peiorem,
310 2242 345 2292 ut
371 2253 442 2294 cum
466 2233 548 2293 bene
575 2230 636 2293 illis
665 2229 720 2306 sit,
755 2232 836 2292 bene
862 2229 954 2295 nobis
980 2230 1113 2308 faciant,

114 2357 185 2398 eum
211 2326 291 2397 male
317 2333 432 2400 facient
459 2333 558 2414 male:
596 2336 653 2396 sed
674 2332 780 2415 potius
802 2333 881 2396 ferri
904 2333 958 2396 illa
980 2355 1120 2416 corpora

113 2439 201 2502 bono
230 2436 388 2500 universi:
419 2435 543 2498 interim
562 2448 666 2499 tamen
685 2449 716 2499 et
738 2437 870 2500 alterum
892 2439 1049 2518 praebere
1070 2436 1120 2501 sui

111 2563 215 2604 usum.
244 2541 343 2621 Quod
353 2540 384 2602 in
395 2539 448 2601 illa
457 2550 633 2621 spectantes
648 2552 795 2622 tanquam
806 2539 838 2600 in
850 2539 973 2615 literas,
998 2539 1050 2602 isti
1063 2541 1117 2623 qui

111 2643 196 2707 illam
215 2655 332 2706 norunt
350 2642 544 2706 literaturam
566 2663 607 2705 ex
624 2642 735 2726 figuris
757 2642 865 2726 legere
879 2643 1004 2718 futura,
1029 2662 1118 2706 eom·

111 2746 278 2830 paratione
300 2731 433 2829 quadem
457 2745 639 2829 indagantes
662 2746 787 2822 futura,
821 2746 886 2809 hoo
914 2744 1044 2827 perinde
1069 2757 1117 2808 est

112 2850 202 2934 (suasi
218 2843 317 2912 dieat
349 2845 438 2932 quis:
476 2849 549 2932 quia
578 2848 645 2911 avis
678 2859 847 2930 conspecta
878 2843 925 2912 e'st
950 2847 1115 2926 sublimis,

112 2947 260 3020 sublimes
283 2951 461 3040 significare
486 2951 640 3016 actiones.
948 2967 960 2976 ·
1027 2967 1030 2974 ·

576 3156 660 3222 VII.

175 3265 288 3329 Restat
311 3260 521 3324 examinemus
548 3273 579 3324 et
600 3262 685 3324 illam
704 3261 888 3346 septentiam
912 3279 991 3342 quae
1014 3259 1119 3325 omnia

109 3368 242 3450 copulat
261 3377 355 3449 atque
370 3365 539 3440 connectit,
550 3377 581 3427 et
597 3387 694 3428 unum
709 3363 816 3426 statuit
830 3363 1019 3446 principium
1034 3367 1122 3447 quod

111 3470 276 3556 qualitates
300 3462 372 3532 sua's
395 3467 508 3564 ouiqpe
526 3467 663 3552 assignet
687 3479 717 3530 et
739 3469 821 3529 unde
848 3479 960 3528 cuneta
984 3465 1120 3529 effician-

110 3588 166 3640 tur
177 3595 237 3656 per
249 3572 387 3636 rationes
403 3572 553 3654 quasdam
567 3571 746 3632 seminales.
791 3571 851 3633 Est
868 3570 948 3631 haee
967 3569 1121 3633 sententia

110 3679 158 3748 illi
179 3695 298 3757 suppar
332 3695 413 3757 quae
438 3672 649 3734 habitudinem
675 3672 911 3756 motionemque
937 3693 1061 3736 onmem
1091 3685 1124 3736 et
1182 3701 1183 3706 ¹
1244 3689 1247 3710 ¹
1357 3667 1359 3678 ⁴

110 3793 255 3848 nostram
285 3789 316 3840 et
349 3797 455 3842 rerum
488 3774 617 3840 aliarum
649 3776 688 3839 ab
718 3774 857 3838 universi
886 3774 987 3838 anima
1005 3775 1122 3838 statuit

112 3889 255 3948 manare.
299 3881 344 3944 Et
362 3898 540 3963 quanquam
560 3877 685 3939 videtur
703 3879 783 3940 haee
798 3876 908 3960 opinio
930 3879 1012 3943 velle
1030 3877 1123 3942 nobis

114 3986 227 4074 largiri
252 3979 514 4070 aliquidfquasi
531 3999 550 4044 a
570 3979 663 4046 nobis
690 3978 989 4072 aliquidagamus,¹
1009 3999 1123 4047 revers
