2804 4762
221 409 261 475 12

219 579 364 701 κιίγμνον
391 579 483 658 τέλος
511 572 587 670 ὃὸᾦ
640 572 745 644 Ἀλλά
769 580 826 643 καὶ
853 571 922 643 τά
918 571 1014 642 κατὰ
1040 568 1160 661 λόγον
1181 560 1301 653 ¹⁵)

217 678 373 806 γινόμενα
401 675 535 778 16)ἕχει
561 705 597 748 τι
620 680 729 762 τέλος),
772 675 869 748 οὐδέν
885 675 953 806 γάρ
982 673 1026 757 ὡς
1044 677 1135 765 ἔτυχε
1163 678 1228 743 τῶν

218 784 307 855 κατά
332 781 433 873 λόγον
448 787 626 906 γινομένων
653 783 794 870 γίνεται,
833 778 945 849 ἀλλ”
930 782 994 849 επέ
1005 805 1081 849 τινα
1104 776 1229 848 σκοπόν

216 915 238 972 η
263 914 436 1009 αναφορα
443 889 544 955 πᾶσιν
571 882 696 966 άυτοῖς.
742 882 857 953 ’Ἐστι
870 883 915 967 ²⁷)
949 887 986 952 δὲ
1015 880 1102 950 κατὰ
1128 877 1229 970 λόγον

216 987 392 1081 γινόμενα,
416 982 481 1058 ὅσα
509 985 574 1058 ύπὸ
599 991 665 1058 τῶν
684 984 867 1058 ποιούντων
891 984 980 1056 άυτύι
998 987 1141 1074 γίνεται,Ι
1171 989 1234 1052 λα’

216 1097 393 1183 γιζομένων
420 1119 454 1161 τε
478 1098 553 1186 περὶ
572 1089 680 1162 ἀυτῶν
715 1097 770 1160 καὶ
790 1094 1033 1173 συντιθέντων,
1074 1085 1155 1156 καθ’
1189 1083 1228 1155 όν

216 1193 258 1266 άν
283 1191 407 1286 τρόπον
431 1199 560 1285 γένοιτο
584 1195 638 1278 ¹⁸).
677 1190 781 1264 Ὁύτω
805 1196 930 1281 γίνεται
952 1188 995 1260 τά
1012 1218 1047 1260 τε
1072 1188 1159 1259 κατά
1183 1193 1228 1273 19)

215 1297 276 1380 τάς
301 1303 416 1390 τέχνας
436 1295 593 1388 γινόμενα
619 1293 730 1366 πάντα
760 1303 817 1365 καὶ
847 1293 936 1364 κατά
964 1296 1177 1465 προαίρεσιν,
1205 1289 1230 1360 όὶ

215 1406 369 1498 διαφέρει
398 1405 463 1472 τῶν
496 1404 674 1490 γινομένων
709 1394 824 1494 φύσει,
882 1401 928 1491 τῷ
959 1396 1005 1466 τά
1034 1407 1095 1486 μὲν
1128 1393 1228 1490 φύσει

214 1502 370 1594 γινόμενα
394 1507 429 1574 έν
449 1501 565 1583 άυτοῖς
591 1500 753 1592 ἔχειντὴν
776 1498 886 1624 άρχύν
900 1525 936 1570 τι
959 1507 1016 1570 καὶ
1035 1497 1146 1569 άιτέαν
1169 1502 1228 1582 τῆς
1255 1527 1259 1544 ·

64 1623 69 1636 ’
117 1673 120 1685 ,
214 1604 372 1690 τοιαύτης
398 1611 552 1695 γενέσεως
580 1607 756 1688 (τοιούτου
775 1604 840 1699 γὰρ
865 1631 887 1688 η
911 1601 1032 1700 φύσις)
1062 1609 1119 1671 καὶ
1143 1604 1227 1690 γένε-

215 1716 307 1780 σθαι
319 1709 370 1793 ²⁰)
383 1719 444 1800 μὲν
464 1707 552 1778 κατά
566 1705 660 1792 τάξιν
676 1706 768 1792 τινά,
802 1705 841 1776 ού
855 1705 922 1796 μὴν
935 1710 994 1791 τῆς
1006 1703 1167 1790 ποιούσης
1180 1705 1227 1789 ²¹)

213 1811 302 1882 άυτύι
322 1809 452 1908 φύσεως
476 1807 691 1902 ὅμοι’ωςταῖς
711 1816 840 1901 τέχναις
853 1811 1011 1904 λογισμῷ
1023 1815 1096 1902 περὶ
1117 1807 1227 1879 ἀντῶν

210 1921 387 2010 χρωμένης.
407 1914 458 1984 Τά
469 1905 505 1984 δέ
514 1912 670 2004 γινόμενοι
684 1914 770 1983 κατά
783 1919 897 2004 τέχνην
910 1939 946 1983 τι
958 1920 1015 1983 καὶ
1024 1913 1228 2007 προαίρεσιν,

213 2021 340 2103 ἔξωθεν
353 2019 418 2108 ἔχει
431 2015 491 2102 τὴν
505 2015 609 2111 ἀρχὴν
622 2013 792 2101 κινήσεως,
815 2023 871 2085 να)
884 2015 945 2100 τὴν
954 2015 1069 2087 ’άιτέαν
1079 2013 1140 2099 τὴν
1152 2039 1226 2086 ποι·

213 2125 335 2206 οὖσαν,
356 2119 466 2190 οἰλλΗ
449 2145 509 2190 ουκ
530 2118 606 2189 έν
586 2125 710 2200 αυτοῖς.
752 2121 824 2189 Καὶ
845 2123 904 2204 τῆς
917 2125 1070 2209 γενέσεως
1084 2115 1225 2188 άυτιῖωὸ

213 2229 274 2294 τού
287 2229 463 2304 ποιοῦντος
476 2222 606 2352 ἡγεῖται
618 2231 691 2316 περὶ
713 2220 822 2292 άυτιύν
835 2220 997 2314 λογισμός
1010 2223 1072 2307 ²²).
1107 2223 1226 2311 Τριτον

130 2403 135 2416 ‚
213 2331 280 2396 δέ
263 2353 352 2396 εστιν
366 2331 400 2396 έν
413 2333 484 2407 τοῖς
495 2322 586 2395 ἕνεκά
601 2353 661 2394 του
672 2327 910 2418 γινομένοιςῖὄ)
925 2333 981 2396 καλ
991 2324 1035 2395 τά
1049 2323 1115 2393 άπὸ
1125 2321 1226 2444 τύχης

212 2457 247 2500 τι
271 2439 328 2500 καλ
349 2426 560 2520 ταυτομάτου
576 2424 622 2512 2⁴)
649 2431 808 2516 γινέσθαι
828 2434 1082 2519 πεπιστευμένα,
1117 2424 1224 2524 ταύτη

212 2535 277 2608 τῶν
282 2537 542 2664 προηγουμένως
561 2532 651 2624 2«”)’
633 2527 726 2602 ενεκά
738 2559 800 2603 του
812 2538 990 2622 γινομένων
1003 2535 1223 2656 διαφέροντα,

211 2669 232 2736 η
248 2664 288 2706 επ
311 2640 435 2706 ἐκείνων
449 2631 500 2720 ²⁶)
521 2638 582 2725 μέύ
602 2637 669 2705 πᾶν
688 2633 728 2704 τὸ
743 2636 818 2729 πρὸ
838 2663 897 2706 του
882 2640 1031 2715 τέλους
1050 2631 1225 2723 γινόμενον

210 2767 271 2810 του
256 2744 400 2820 τέλους
416 2736 517 2832 χάριν
529 2765 675 2827 γινεται,
696 2743 748 2808 έπι
768 2744 805 2809 δὲ
826 2737 970 2821 τούτων,
992 2735 1034 2806 τά
1054 2745 1114 2827 μὲν
1133 2735 1225 2826 γινό-

210 2869 294 2933 μινα
313 2841 379 2936 πρὸ
399 2845 460 2911 τοῦ
480 2847 593 2923 τέλους
615 2841 719 2912 α’λλοο
740 2841 838 2936 χάριν
858 2845 999 2929 γίνεται,
1035 2839 1169 2934 ἀπαντᾷ
1193 2837 1222 2913 θ
1250 2891 1252 2896 -

210 2945 326 3027 άυτοῖς
339 2944 443 3014 ἄλλου
455 2942 555 3040 χάριν
564 2952 764 3038 γινομένοις,
787 2942 830 3025 ὡς
844 2950 954 3028 τέλος,
976 2943 1015 3013 τὸ
1027 2912 1223 3038 άυτομάτως

211 3076 245 3120 τε
267 3049 315 3133 ²⁷)
332 3054 393 3119 ’καὶ
413 3046 480 3118 άπὸ
502 3045 600 3139 τύχης
620 3051 779 3138 γίνεσθαι
800 3043 983 3138 λεγόμενον.

279 3251 413 3326 Τούτων
430 3252 457 3325 δ’
475 3251 580 3337 ὁύτως
600 3253 739 3346 ἐχόντων
749 3307 759 3339 ,
790 3261 846 3324 καὶ
862 3252 995 3328 πάντων
1014 3260 1078 3328 τῶν
1090 3263 1220 3348 γινομέ-

209 3385 268 3431 νου
282 3363 329 3440 έις
344 3355 483 3440 τούτους
496 3358 575 3440 τούς
596 3354 739 3452 τρόπους
760 3361 788 3442 ι)
808 3366 1047 3451 νςμεμημὲνων,
1079 3359 1220 3431 ἀκόλου-

209 3466 314 3534 θον’
298 3469 350 3532 επι
372 3459 503 3542 τούτοις
528 3459 627 3543 ἰδεῖν,
649 3464 682 3529 έν
652 3462 824 3586 ποὶιρ
793 3465 883 3546 2)
838 3490 902 3534 των
915 3467 1091 3550 ποιητικῶν
1106 3463 1220 3536 άιτὶων

205 3593 270 3660 χρη
254 3567 427 3636 τιθέναι
443 3563 504 3648 τὴν
519 3567 716 3688 έιμαρμένην
725 3615 735 3647 ,
759 3561 826 3659 αρά
839 3593 876 3655 γε
890 3570 924 3636 έν
937 3574 1008 3648 τοῖς
1018 3566 1150 3649 οὐδενὸς
1166 3595 1219 3658 γε-

208 3673 358 3759 νομένοις
379 3664 496 3760 χάριν,·
519 3653 619 3749 11³)
641 3670 740 3736 τοῦτο
764 3676 824 3758 μὲν
844 3667 1057 3741 παντάπασιν
1081 3669 1220 3760 ἄλογον·

209 3769 261 3842 ἇω
279 3770 345 3864 γάρ
368 3774 419 3840 ἐπὶ
443 3773 558 3850 τέλους
589 3769 678 3852 τινὸς
706 3774 753 3866 τῷ
780 3798 839 3856 της
861 3776 1056 3867 έιμαρμέιης
1080 3771 1219 3865 ὀνόματι

206 3871 388 3968 χρώμεθα,
425 3867 508 3942 καθ’
539 3875 736 3968 έιμαρμένην
763 3873 846 3944 άυτό
873 3882 1020 3966 λέγοντες
1042 3884 1219 3966 γεγονέναι.

213 3976 274 4048 Διό
296 3980 427 4058 ἕντοῖς
440 3971 533 4050 ἕνεκά
549 4001 609 4050 του
631 3982 815 4069 γινομένοις
833 3977 1014 4067 ἀναγκαῖον
1028 3976 1058 4065 ⁴)
1082 3987 1219 4055 τιθέναι
