2728 4758
279 380 366 444 fflss'

229 581 231 588 ·
276 543 383 640 άυτῷ,
404 550 459 618 καί
480 541 538 615 διά
557 545 620 613 τῶν
637 539 801 614 κολάσεων
814 537 937 629 ταύτην
950 540 1182 640 ἐπανόρθωσιν
1196 545 1269 630 τοὺς

276 649 381 732 θεοὺς
400 649 680 746 μεμηχανῆσθαις
702 639 745 727 ἰός
765 673 845 716 ποτε
867 649 912 742 τῷ
929 651 1143 732 κολασθῆναί
1164 675 1197 719 τε
1218 659 1269 720 καὶ

277 755 369 838 δίκην
396 755 566 822 δεδωκέναι
593 747 815 839 ἀπαλλαγέντι
849 752 911 836 τῆς
942 753 1075 836 κακίας,
1121 748 1191 822 ὁϊόν
1215 779 1270 846 περ

275 853 377 928 νόσου
405 851 557 943 σώματος
588 857 751 937 δεικτικοῖς
778 879 812 921 τε
839 859 896 924 καί
928 850 1080 948 ἀνιαροῖς
1101 879 1169 924 τισι
1190 883 1272 952 φαρ-

274 955 414 1049 μάκοις,
451 953 584 1047 ἄμεινόν
610 981 645 1025 τε
671 957 795 1048 πρᾶξαι
822 959 966 1044 γένοιτο,
1001 963 1058 1026 καὶ
1086 961 1272 1053 ἐλευθερίας

275 1059 349 1130 ἄντί
370 1061 519 1138 δουλείας
537 1055 819 1150 μεταλαμβάνειν,
857 1052 937 1129 ότου
967 1057 1013 1149 μὴ
1042 1057 1209 1155 ἠπιωτὲρα
1228 1089 1275 1143 τις

277 1159 529 1256 ἐπανόρθωσις,
561 1160 619 1231 διά
637 1165 895 1257 μοχθηροτέραν
922 1161 999 1232 τινά
1024 1164 1109 1247 ἕξιν,
1145 1161 1274 1235 δύναιτο

255 1249 493 1336 Ικαθίκεσθαι
503 1319 513 1350 ,
550 1257 618 1345 όίςέ
648 1262 743 1334 οὐδὲν
764 1261 806 1333 όίν
826 1260 960 1334 κωλύειν
980 1271 1038 1334 καὶ
1057 1263 1202 1348 όίκοντας
1221 1295 1276 1338 κα-

275 1369 355 1451 κοὺς
376 1366 475 1449 ὄντας
496 1366 574 1448 τοὺς
594 1367 732 1450 κακοὺς,
759 1360 848 1458 ὅμως
868 1359 1091 1454 κολάζεσθαι,
1113 1369 1216 1441 κακόν
1235 1373 1274 1454 ¹¹)

275 1481 337 1565 μὲν
358 1469 454 1542 οὐδὲν
481 1477 794 1566 προςπεισομένους,
836 1467 905 1539 ἀλλ’
940 1468 1210 1567 ὧφελησομίνους
1235 1475 1277 1566 τῷ

275 1572 492 1658 κολάζεσθαι.
530 1571 592 1655 Ὡς
611 1583 671 1666 μὲν
693 1571 752 1644 ὀῦν
772 1574 835 1642 εἰσί
856 1577 887 1642 οἱ
907 1579 1005 1658 θεοί,
1042 1581 1099 1644 καί
1129 1573 1173 1657 ὡς
1198 1601 1275 1669 προ-

250 1683 409 1750 ενοοίσιν
430 1673 635 1772 άνθρόπων,
670 1682 726 1746 καί
747 1672 791 1757 ὦς’
817 1673 856 1746 οὐ
884 1679 992 1747 κακῶν
1020 1673 1124 1747 ἆίτιοι
1152 1687 1208 1749 καί
1236 1677 1276 1758 νίς

276 1784 453 1879 έιμαρμέυῃ
475 1777 715 1874 άπαρατρέπτρι
737 1777 776 1848 τό
797 1783 969 1867 βέλτιστον
989 1777 1143 1864 ἑκάστοις
1165 1779 1276 1852 ἀπονέ-

275 1909 412 1974 μουσιν,
447 1879 491 1966 ὦς
516 1886 596 1972 γοῦν
622 1882 760 1974 μετρίως
787 1883 966 1977 έιρῆοθαι,
1000 1887 1122 1968 ίκανῶς
1149 1883 1213 1971 ἤδη
1236 1889 1276 1956 ἐι·

277 1983 411 2080 ρὴσθω.

666 2155 888 2176 m

275 2333 583 2433 mmm
616 2308 951 2405 ΚΑΡΔΙΝΑΛΗΣ
985 2335 1080 2404 παι
1113 2333 1282 2406 Σοωιιι

359 2476 449 2544 ΚΑΙ
479 2475 797 2548 ΔΙΔΑΣΚΑΛΩΙ
817 2479 848 2544 Ι
846 2473 1058 2547 mmm
1091 2477 1188 2548 Tm
1210 2477 1280 2546 ΓΕ-

359 2615 547 2686 ΜΙΣΤΩΙ
566 2617 601 2684 Ε
606 2617 636 2682 Y
651 2617 754 2683 ΠΡΑ
759 2617 913 2684 ΤΤΕΙΝ.

547 2779 660 2865 Περί
695 2780 1004 2865 ίιμαρμένης.

341 2909 388 2983 Ov'
409 2909 474 3004 μὴν
494 2909 581 2982 ἄλλά
601 2919 657 2982 καὶ
678 2910 718 2982 τό
738 2909 1017 3009 πολυθρόλλητου
1032 2917 1236 3010 ίιμαρμένης
1248 2939 1280 2984 τε

274 3022 331 3088 καί
359 3014 502 3106 ἀνάγκης
533 3012 642 3106 δόγμα
676 3020 943 3107 κατατεμαχίζειν
973 3016 1020 3101 ¹²)
1050 3046 1117 3108 μοι
1150 3021 1284 3089 δοκοῦσι

275 3122 475 3211 Σιμπλίκιος
495 3145 530 3188 τε
551 3127 606 3188 καί
622 3105 904 3213 Ὀλυμπιάδόρος·
941 3115 960 3187 ό
986 3128 1048 3209 μὲν
1076 3125 1114 3191 έν
1144 3129 1221 3205 ταῖς
1243 3125 1285 3201 ἒις

271 3222 313 3293 τὸ
335 3225 524 3317 ἐγχειρίδιον
539 3217 735 3306 Ἐπικτήτου
760 3221 985 3306 ἐπιστασίαις,
1013 3218 1285 3316 ἀποτρεπόμενος

273 3325 352 3408 τοὺς
372 3323 481 3396 πάντα
502 3320 747 3414 ἀναγκάζοντας
758 3375 768 3407 ,
804 3319 881 3393 τότε
906 3323 1152 3419 ἐπιχειρήματα
1182 3326 1286 3399 όιυτῶν

275 3433 486 3520 ἐκτιθέμενος
516 3435 572 3498 καί
599 3424 806 3520 ἀνατρέπων,
842 3430 913 3496 έῖτα
947 3425 1049 3509 άυτὸς
1087 3427 1286 3508 ἀποδεικνὺς

273 3538 329 3603 καί
351 3533 591 3627 συμπεραίνων,
610 3527 671 3613 τὴν
690 3525 861 3627 ὑπόληψιν
880 3534 936 3598 καί
957 3527 1064 3622 ὄρεξιν
1086 3536 1153 3619 τῆς
1167 3535 1288 3632 ψυχῆς,

272 3642 329 3706 καί
349 3629 433 3718 όλως
454 3633 513 3719 τὴν
532 3629 658 3726 άίρεσιν
678 3639 733 3701 καί
754 3634 946 3726 προαίρεσιν
967 3629 1210 3720 άυτεξοόσιον,
1232 3641 1286 3705 καί

273 3738 425 3831 οὐδαμῶς
444 3736 690 3825 ἠναγκασμένων
711 3740 803 3806 ε’ἴναι.
836 3734 967 3816 ’Ἁλλως
987 3735 1052 3829 γάρ
1078 3737 1164 3809 οὐδὲ
1182 3738 1286 3808 όίεται

272 3841 312 3912 τό
334 3841 546 3924 άυτοκίνητου
566 3835 668 3923 άυτῆς
688 3835 857 3923 σώζεσθαι
878 3835 1072 3922 δύνασθαι,
1113 3849 1174 3910 καί
1203 3837 1287 3921 ὅλως

274 3944 378 4032 ἀυτὴν
398 3943 457 4028 τὴν
477 3939 608 4026 οὐσίαν,
630 3939 698 4012 ἀλλ’
722 3936 792 4033 όίμα
813 3944 853 4040 τῇ
873 3944 932 4012 τοῦ
954 3944 996 4038 ἐφ
1012 3937 1098 4031 ἡμῖν
1113 3944 1286 4039 ἀναιρέσει
