2758 4760
1073 402 1111 462 81

105 565 143 624 ad
172 565 423 628 'conservandam
458 583 564 626 rerum
599 585 678 646 quae
704 563 736 626 in
758 565 882 628 Mundo
908 577 996 641 sunt,
1036 587 1114 631 eorr-

104 665 293 728 tinuitatem.
350 668 470 747 Neque,
487 665 559 730 ideo
584 667 753 730 ambulatio
780 689 872 732 causa
899 680 1002 746 caret,
1042 671 1115 752 qnia

104 769 332 852 exsurgendo
357 789 480 828 causam
511 769 712 830 nonhabet:
747 791 848 852 neque
877 783 964 834 recte
993 775 1031 834 ad
1060 775 1114 834 ad-

104 873 285 933 struendam
311 891 474 931 causarum
498 869 581 931 inter
608 891 641 932 se
661 882 803 952 aptarum
825 872 936 935 seriem
959 875 1113 938 rationem

102 973 193 1036 istam
214 973 382 1048 adserunt,
415 974 502 1054 quod
520 973 586 1038 sine
606 995 697 1060 causa
717 974 795 1038 nihil
811 975 877 1038 fiat.
923 976 1011 1042 Sicut
1033 977 1114 1040 enim

101 1075 260 1140 motiones
283 1087 315 1138 et
337 1087 483 1156 tempora
501 1075 617 1136 habent
644 1098 714 1138 suas
739 1099 870 1154 causas,
901 1101 965 1144 non
989 1081 1114 1162 quidem

102 1179 203 1246 motio
228 1189 445 1262 antegressam
471 1177 661 1252 motionem,
696 1199 798 1261 neque
823 1191 946 1260 tempus
970 1182 1002 1248 id
1028 1186 1115 1265 quod

100 1281 276 1364 praecessit
294 1292 439 1362 tempus,
469 1279 596 1362 pariter
619 1301 652 1341 se
673 1281 790 1346 habent
809 1293 846 1343 ‚et
865 1281 897 1351 in
919 1285 1114 1364 operationi-

98 1386 175 1459 bus,
202 1383 336 1466 quaein
365 1383 426 1446 illis
453 1395 484 1445 et
508 1404 567 1464 per
592 1382 646 1447 illa
668 1384 758 1450 fiunt.
803 1382 899 1448 Istius
928 1407 1007 1449 vero
1035 1409 1114 1450 con,

99 1486 250 1552 tinentiae
283 1507 402 1555 eorum
436 1507 517 1570 quae
549 1485 629 1548 fiunt
669 1499 716 1549 est
758 1507 851 1550 eausa
885 1487 1010 1572 aliqua,
1055 1512 1114 1572 per

101 1581 197 1674 quam
220 1591 361 1656 Mundus
389 1610 468 1650 umis
483 1657 486 1664 ,
502 1599 534 1649 et
556 1588 763 1670 sempiternus
788 1611 848 1672 per
872 1588 954 1654 idem
987 1595 1113 1660 eedem-

102 1715 163 1778 que
191 1696 288 1756 modo
310 1691 467 1774 perpetim
493 1691 635 1774 regitur:
674 1713 754 1774 quae
784 1715 858 1758 sane
888 1716 980 1760 eausa
1009 1697 1112 1780 inqui·

101 1800 217 1872 reuda,
271 1817 335 1877 non
369 1793 645 1877 praetermittenda
685 1807 750 1870 est,
797 1817 861 1861 non
898 1808 1001 1860 tamen
1042 1801 1111 1864 talis

98 1900 306 1981 existimanda
325 1911 395 1974 est,
426 1908 461 1959 ut
483 1917 608 1978 semper
629 1917 678 1971 exp
694 1919 733 1962 eo
761 1901 847 1982 quod
870 1912 916 1962 est
935 1889 1110 1984 antiquius,

96 2005 154 2068 fiat
179 2002 213 2068 id
239 2005 326 2085 quod
358 2013 406 2072 est
438 1998 614 2076 recentius,
658 2003 821 2082 quomodo
854 2002 885 2066 iu
913 2003 1112 2072 animantium

97 2119 175 2170 ortu
215 2104 401 2189 contingere
441 2103 594 2166 videmus.
661 2098 792 2166 Rationi
825 2104 906 2168 enim
942 2107 1109 2190 congruit,

96 2221 130 2272 ut
157 2229 324 2272 causarum
358 2206 486 2290 aliquod
517 2203 557 2267 sit
588 2202 778 2286 principium
805 2209 892 2290 quod
920 2207 1011 2270 aliam
1042 2221 1112 2272 ante

96 2334 130 2376 se
154 2333 282 2374 causam
307 2309 558 2392 principiumque
587 2329 652 2370 non
677 2309 806 2370 habeat.
866 2311 941 2374 Non
972 2311 1052 2376 enim
1087 2313 1114 2377 si

97 2413 203 2479 omnia
244 2435 323 2498 quae
351 2413 429 2476 fiunt
460 2431 584 2472 causam
616 2411 750 2488 habent,
803 2412 875 2478 ideo
910 2426 941 2476 et
974 2415 1112 2482 omnium

95 2521 198 2601 (quae
236 2519 328 2595 sunt)
351 2515 478 2598 aliquas
513 2533 641 2578 neeesse
670 2525 717 2576 est
754 2535 822 2576 esso
857 2537 978 2582 causas.
1036 2520 1111 2585 Non

7 2612 13 2629 ¹
95 2621 178 2684 enim
205 2631 380 2704 quaesunt
407 2640 443 2680 ea
465 2617 545 2678 fiunt
568 2599 684 2680 omnia.
713 2615 914 2698 'Quomodo
936 2620 1019 2683 enim
1047 2643 1111 2685 non

95 2725 135 2790 sit
166 2725 341 2798 absonum,
392 2721 495 2783 dicere
529 2717 595 2784 sine
632 2718 694 2784 fine
734 2741 899 2788 causarum
935 2725 1112 2806 procedere

95 2849 284 2902 numerum,
323 2826 479 2908 talemque
503 2843 611 2888 earum
637 2843 706 2888 esse
730 2823 843 2888 seriem
866 2837 962 2907 atque
985 2849 1111 2904 nexum,

95 2944 130 2996 ut
156 2931 243 2996 nulla
266 2929 306 2992 sit
323 2940 375 2990 aut
397 2926 499 3014 prima
522 2943 575 2994 aut
600 2931 732 2998 ultima?
764 2935 844 3000 Nam
869 2936 973 3000 dicere
997 2940 1112 3006 nullam

17 3047 19 3054 '
97 3056 165 3100 esse
199 3033 334 3114 primam
368 3053 511 3108 eausam,
549 3033 581 3096 id
605 3055 729 3102 omnem
756 3058 881 3100 causam
906 3061 1024 3124 negare
1052 3055 1112 3109 est.

99 3137 228 3219 Quippe
258 3136 284 3198 si
317 3134 506 3216 principiiun
535 3136 652 3214 tollas,
691 3159 818 3202 necesse
844 3152 891 3202 est
925 3141 995 3206 tolli
1020 3145 1113 3209 etiam

97 3243 187 3326 quod
209 3251 284 3320 post
310 3237 412 3319 ipsum
433 3249 501 3314 est,
537 3251 632 3322 atque
663 3261 699 3301 ea
718 3241 840 3304 ratione
866 3243 997 3306 tolletur
1021 3247 1113 3308 etiam
1166 3308 1169 3313 .

98 3342 242 3408 scientia.
298 3343 382 3402 Nam
414 3338 544 3403 scientia
566 3341 698 3423 proprie
732 3354 779 3406 est
801 3344 973 3429 primarum
1003 3370 1115 3416 causa-

98 3469 170 3512 rum
204 3443 329 3512 notitia.
398 3441 443 3504 At
469 3447 637 3508 seeundum
663 3444 737 3508 illos
767 3445 798 3510 in
831 3447 932 3520 causis
958 3449 1034 3517 nihil
1068 3464 1115 3514 est

99 3551 251 3633 primum.
297 3549 409 3628 Neque
441 3566 520 3609 vero
554 3547 656 3612 omnis
688 3547 806 3610 ordinis
835 3553 1047 3636 transgressio
1079 3577 1115 3619 ea

99 3651 228 3740 perimit
261 3649 293 3713 in
327 3647 439 3731 quibus
469 3647 517 3710 fn.
573 3647 664 3712 Fieri
690 3650 772 3714 enim
801 3663 908 3732 potest
941 3667 975 3716 ut
1003 3671 1115 3722 eontra

99 3756 186 3841 regis
211 3751 441 3816 ordinationem
468 3749 571 3840 aliqua
593 3745 686 3827 fiant,
723 3773 801 3835 quae
820 3766 924 3824 tamen
951 3779 1015 3822 uon
1038 3783 1112 3828 eva·

104 3861 180 3926 dunt
199 3854 307 3940 regnis
330 3852 477 3919 exitialia.
524 3854 593 3915 Neo
617 3851 739 3936 siquid
762 3856 823 3918 tale
843 3851 873 3919 in
899 3860 1023 3927 Mundo
1049 3863 1114 3937 flat,
