2728 4758
1061 351 1124 414 dii

9 563 10 572 κ
114 526 356 595 memoravimus
377 535 485 612 gentes
519 523 552 589 in
573 522 729 602 Meridie,
751 524 785 590 in
803 525 903 602 Ortu,
926 523 959 588 in
981 524 1122 604 Occasu

114 632 147 696 iu
168 630 390 714 Septentrioue
414 652 451 694 ac
469 629 604 712 proinde
619 627 658 692 ,in
685 639 749 690 tam
772 627 884 692 dissitis
901 640 1006 692 terrae
1020 629 1122 708 loeis,

117 756 197 818 quae
222 744 369 816 expertes
395 744 467 796 sunt
494 731 569 794 artis
591 753 614 808 ‚a
638 731 805 795 Mercurio
830 731 974 795 traditae.
1032 732 1123 813 Quot

115 836 233 920 putatis
269 835 329 898 viri
362 835 516 918 sapientes
549 845 708 896 mutarunt
745 835 825 898 male
854 834 975 917 positas
1008 832 1123 920 leges?
1173 901 1177 918 ι

118 941 208 1022 Quot
235 939 322 1024 leges
345 941 388 1002 ob
410 937 621 1000 difficultatem
647 937 748 1000 sactae
766 950 839 1002 sunt
865 937 996 1002 irritae?
1032 938 1123 1019 Quot

117 1062 212 1134 reges
238 1041 432 1125 populorum
461 1039 600 1104 victores
626 1051 785 1102 mutarunt
812 1053 955 1122 receptas
986 1041 1123 1123 primum

115 1144 225 1230 leges,
263 1165 301 1206 ac
332 1165 405 1207 suas
437 1163 633 1226 reposuere:
671 1163 773 1226 neque
804 1153 908 1204 tamen
936 1144 1026 1207 stella
1056 1145 1124 1212 ulla

117 1247 184 1312 idm
203 1269 301 1314 ,suam
325 1246 438 1310 amisit.
499 1247 567 1309 Iam
592 1247 689 1309 modo
715 1244 854 1310 Romani
884 1246 1008 1310 domitis
1037 1248 1122 1310 Ara·

116 1352 193 1414 bum
209 1349 303 1414 terris
321 1350 460 1414 instituta
475 1347 521 1412 ibi
538 1360 708 1414 mutarunt.
730 1359 733 1364 '
767 1349 850 1412 Nam
865 1349 1011 1414 voluutas
1022 1329 1122 1414 libera

118 1455 314 1518 voluntatem
336 1452 466 1516 liberam
489 1451 643 1536 sequitur.
686 1453 813 1516 Addam
834 1451 934 1528 aliud,
959 1455 1046 1536 quod
1070 1454 1123 1517 vel

115 1556 252 1620 maxime
278 1555 457 1620 incredulos
484 1568 594 1638 posset
616 1555 828 1620 convincere:
866 1555 977 1620 Iudaei
1002 1577 1123 1630 omnes;

118 1659 173 1744 qui
204 1681 264 1742 per
291 1660 420 1722 Mosem
453 1659 557 1743 legem
586 1679 761 1740 accepere,
799 1671 891 1724 natos
920 1658 980 1721 sibi
1005 1659 1124 1722 liberos

101 1783 220 1827 mares
239 1761 298 1826 die
326 1773 441 1828 octavo
472 1760 726 1826 circumcidendo
753 1774 935 1838 cruentant,
973 1775 1038 1825 no'n
1064 1783 1123 1825 en-

117 1876 294 1948 spectantes
327 1864 438 1928 sideris
474 1864 602 1928 alicuius
633 1865 825 1962 adveutum,
859 1888 923 1930 non
949 1878 1141 1932 metuentes.

117 1970 183 2033 vim
207 1980 327 2031 tractus
352 1967 558 2050 praesidem,¹
578 1989 644 2030 non
668 1967 799 2030 aliarum
821 1968 971 2053 gentium.
984 1991 1017 2032 se
1042 1969 1123 2054 legi·

116 2075 177 2136 bus
201 2083 361 2154 aptantes;
391 2069 447 2132 sed
472 2067 593 2133 sivein
617 2069 710 2150 Syria
734 2081 824 2146 sunt,
848 2071 916 2134 sive
941 2072 973 2133 in
999 2073 1119 2150 Gallia,

118 2175 186 2238 sive
207 2174 239 2236 in
266 2173 375 2248 Italia,
399 2172 519 2236 sivein
536 2170 688 2248 Graecia,
712 2172 779 2236 sive
796 2172 828 2235 in
845 2175 977 2256 Parthia
1000 2186 1030 2238 et
1051 2177 1124 2241 ubi·

120 2298 255 2362 cumque
294 2289 366 2340 sunt
401 2276 565 2352 locorum,
603 2277 667 2338 hoc
694 2275 741 2338 sic
764 2276 904 2354 faciunt,
950 2281 1038 2362 quod
1058 2300 1123 2344 non

118 2394 165 2444 est
199 2403 240 2443 ex
270 2379 433 2464 genitum
471 2400 572 2461 neque
602 2377 683 2442 enim
711 2400 820 2442 omnes
852 2381 960 2446 Iudaei
993 2386 1124 2446 eandem

117 2483 296 2570 genituram
318 2483 435 2544 habere
454 2493 601 2563 possunt.
646 2481 763 2546 Sedet
790 2482 839 2546 die
868 2505 996 2568 quoque
1025 2487 1124 2569 septi-

118 2609 171 2648 ma
195 2587 304 2649 omnes
327 2584 515 2668 ubicumque
537 2595 632 2660 sunt,
658 2584 744 2648 omni
761 2585 915 2649 abstinent
935 2610 1051 2670 opere,
1075 2590 1119 2654 ita

119 2702 155 2766 ut
177 2711 236 2752 nec
251 2689 314 2751 iter
335 2687 472 2762 saciant,
497 2710 556 2748 nec
577 2685 652 2772 igne
667 2699 805 2751 utantur.
850 2692 962 2773 Neque
981 2692 1124 2776 genitura

120 2794 269 2856 Iudaeum
293 2789 640 2872 necessitatcprohibet
661 2793 787 2854 domum
804 2794 987 2871 aedificare,
1011 2796 1121 2877 hospi-

94 2895 195 2978 ⁴tium
227 2916 371 2970 sumere,
412 2914 491 2974 opus
520 2893 646 2969 facere,
685 2898 840 2972 vendere,
886 2919 990 2960 emere
1015 2899 1124 2962 diebus

121 2997 292 3060 sabbathi:
330 3017 507 3080 quanquam
534 2997 643 3058 eadem
671 2996 720 3060 die
750 2998 859 3062 Iudaei
885 3013 915 3062 et
938 3002 1069 3086 gignant
1092 3016 1124 3066 et

121 3102 311 3186 gignantur,
337 3111 367 3162 et
389 3109 555 3184 aegrotent
573 3109 603 3161 et
621 3099 806 3163 moriantur.
852 3103 942 3166 Haec
960 3104 1041 3168 enim
1059 3128 1123 3172 non

119 3217 193 3268 sunt
221 3225 332 3266 eorum
357 3225 437 3286 quae
464 3203 497 3265 in
527 3214 637 3265 nostra
658 3203 802 3266 libertate
831 3217 903 3268 sunt
923 3207 1040 3288 posita.
1085 3213 1122 3276 In

122 3307 215 3387 Syria
241 3318 272 3368 et
300 3305 331 3366 in
363 3305 510 3369 Osroene
536 3304 636 3397 multi¹
656 3305 687 3368 in
715 3307 871 3372 bonorem
898 3310 1007 3374 Rheae
1038 3313 1124 3376 sole·

122 3414 198 3472 bant
219 3409 279 3471 sibi
305 3420 412 3490 partes
446 3407 596 3490 genitales
622 3409 816 3472 abscindere.
874 3413 948 3476 Uno
974 3417 1125 3496 temporis

121 3524 240 3596 puncto
263 3510 352 3574 iussit
374 3510 526 3594 Abgarus
548 3510 691 3574 omnibns
713 3512 767 3595 qui
788 3513 848 3576 sibi
863 3535 914 3577 eas
938 3528 1043 3598 partes
1066 3520 1122 3581 ab·

121 3615 303 3692 ecidissent,
329 3611 469 3675 abscindi
491 3633 611 3674 manius.
643 3616 756 3678 Exeo
779 3617 810 3678 in
833 3617 980 3682 Osroene
1004 3623 1122 3687 desiere

123 3717 275 3781 abscindi.
320 3715 406 3796 Quid
425 3735 503 3778 vero
530 3713 667 3777 dicemus
690 3718 728 3778 de
751 3716 1007 3786 Christianorum
1024 3739 1121 3806 secta,

123 3823 210 3884 cuius
247 3841 304 3884 nos
335 3817 513 3904 disciplinae
541 3838 669 3894 sumus,
709 3814 796 3884 multi
828 3826 994 3888 admodum
1023 3827 1053 3890 in
1077 3829 1123 3894 di·
1226 3822 1232 3834 ¹

122 3922 307 3988 versissimis
334 3921 517 4005 regionibns
548 3920 775 4007 gentibusque:
810 3938 840 3988 et
862 3950 932 3992 cum
955 3914 1016 3992 iam
1036 3933 1124 3998 multi
1163 3993 1172 4016 ‚
