2774 4756
332 605 548 687 nzetsuorper)
570 623 638 670 esse
657 599 700 696 τὰ
720 603 835 696 πρῶτα
856 599 961 682 diseo,
979 625 1104 672 consus
1126 609 1256 687 primus

333 712 367 782 et
393 707 563 787 principes
582 709 812 788 generationis
842 708 1015 770 naturalis
1044 729 1156 772 rerum
1185 711 1254 771 exi}

330 807 500 869 sterilium.
545 804 623 872 Sunt
645 807 727 872 enim
748 819 781 870 et
801 807 880 870 aliae
901 829 1013 870 canisae
1037 807 1251 870 secundariae.

336 901 488 968 Ceterum
510 902 553 973 τὰ
572 912 655 975 θεῖσι
677 910 759 989 (scil.
783 905 935 996 σώματα)
956 911 990 974 h.
1006 911 1030 973 1.
1053 931 1146 972 sensu
1166 909 1255 973 inso·

337 1007 489 1086 lentiore,
514 1013 552 1073 de
574 1012 752 1090 sideribus,
776 1013 908 1095 planetis
929 1011 1088 1094 inprimis,
1112 1033 1174 1094 pro
1196 1012 1254 1076 diis

335 1111 465 1178 habitis.
511 1114 563 1177 Sic
584 1115 666 1179 infra
690 1115 731 1180 C.
755 1117 872 1182 XXV.
897 1113 995 1182 ἱκανὰ
1021 1112 1086 1206 γὰρ
1108 1112 1152 1181 τὰ
1171 1119 1256 1181 θεῖοι

334 1219 391 1282 καὶ
412 1209 445 1296 ἡ
457 1211 581 1285 τούτων
600 1215 770 1312 περιφορὰ
791 1215 850 1300 τὴν
871 1220 935 1286 τῶν
958 1222 1136 1304 γινομένων
1157 1219 1190 1284 ἐν
1210 1217 1257 1312 τῷ

334 1313 447 1410 κόσμῳ
480 1324 647 1409 συνέχειαν
679 1317 880 1414 φυλάσσειν,
915 1343 975 1384 neo
1006 1343 1071 1386 non
1104 1314 1255 1386 Geminus

335 1425 375 1486 de
396 1437 561 1508 apparent.
592 1426 723 1491 coelest.
752 1447 829 1510 pag.
856 1425 888 1490 9.
919 1427 970 1488 ed
995 1423 1173 1488 Hilderich.
1195 1423 1256 1504 τὴν

334 1523 399 1617 γὰρ
422 1523 577 1647 τοιαύτην
598 1523 735 1608 ἀταξίαν
757 1553 795 1594 on
784 1524 1044 1628 ’τροςεδὲξαντο
1067 1529 1113 1608 (οὶ
1126 1529 1257 1592 Πυθα-

334 1633 471 1720 γορεῖοι)
492 1627 576 1721 πρὸς
603 1627 644 1698 τὰ
666 1635 749 1698 deta
770 1636 826 1698 καὶ
853 1623 987 1709 οάὠνιοι,
1020 1656 1064 1707 τις
1090 1621 1170 1696 ποτὲ
1196 1635 1258 1717 μέν

334 1727 450 1820 τάχιον
464 1739 650 1814 κινεισθαι,
671 1714 808 1802 ποτὲδὲ
794 1728 984 1824 ἑβρύδιον,
1005 1734 1141 1798 ποτὲὸὲ
1127 1733 1256 1814 ὲὲστη·

336 1839 437 1906 κέναι.
494 1838 660 1902 Imitantur
696 1849 726 1901 et
758 1837 866 1902 Latini
901 1859 935 1899 v.
959 1857 989 1898 e.
1024 1835 1142 1898 Seneca
1178 1836 1255 1898 Nat.

337 1941 470 2022 Quaest.
493 1942 570 2004 Lib.
594 1944 677 2006 VII.
708 1938 790 2023 Cap.
813 1937 967 2004 XXXII.
1021 1939 1138 2005 Nullis
1170 1939 1285 2020 igni·

338 2044 418 2120 dus,
453 2047 520 2108 nisi
546 2048 582 2108 in
616 2066 679 2108 suo
709 2063 808 2107 mora
833 2050 901 2119 est,
932 2040 1003 2104 ittts
1025 2038 1103 2101 dieo
1124 2035 1257 2112 divinis,

339 2166 425 2230 quos
444 2144 706 2210 hunnimundus
733 2152 906 2207 aeternos.
937 2141 1023 2223 quio
1050 2145 1165 2220 portes
1183 2137 1258 2198 eins

269 2236 271 2245 ¹
338 2253 476 2310 suntet
501 2265 624 2326 opero,
660 2257 691 2308 et
712 2243 819 2326 paullo
841 2239 971 2304 inferius
994 2239 1105 2302 eodem
1128 2231 1256 2315 Capite.

341 2346 425 2424 Quis
454 2366 560 2408 unum
583 2347 689 2410 stellis
711 2347 853 2408 limitem
876 2341 998 2425 ponit?
1037 2341 1113 2430 quis
1138 2338 1174 2404 in
1198 2357 1259 2400 un-

337 2453 478 2524 guntum
499 2445 613 2508 divina
634 2443 842 2534 compellit?
881 2433 955 2523 (O)

273 2565 307 2646 3)
334 2565 435 2630 ποία
457 2565 604 2651 σχέσις
624 2562 729 2655 πρὸς
749 2590 799 2631 τα
784 2561 936 2658 τῇδε]
973 2559 1102 2647 Optime
1131 2549 1260 2624 Sohult

335 2668 476 2732 hessius.
501 2665 555 2730 die
577 2667 657 2732 oder
678 2667 764 2732 dzese
782 2636 944 2749 Steilung
967 2649 1259 2744 (constellation),
1310 2678 1318 2696 ·

341 2769 445 2836 worin
474 2769 547 2833 sict
579 2765 632 2831 die
657 2766 803 2832 Gestirne
830 2789 942 2852 gegen
948 2766 1054 2831 diese
1077 2765 1261 2832 Unterwelt

341 2871 510 2956 befinden,
538 2863 674 2964 τὰτῇδε
697 2890 785 2956 quoe
805 2868 861 2934 tio
883 2867 925 2946 (i.
937 2889 966 2938 e.¹
983 2869 1019 2940 in
1031 2859 1148 2950 terra)
1169 2877 1257 2930 sunt.

274 3078 307 3158 t)
337 3079 377 3143 ἐν
398 3069 573 3152 τούτοις
594 3079 665 3140 καὶ
685 3066 915 3162 τοιαύτης]
936 3071 1013 3138 Ald.
1028 3070 1061 3138 1.
1080 3062 1264 3150 ἐντούτσις

338 3184 374 3248 δὲ
396 3185 451 3247 καὶ
472 3174 637 3260 τοιαύτης.

273 3286 308 3366 5)
333 3279 463 3352 Atta
483 3277 583 3370 μην]
620 3278 728 3345 ctsel
746 3273 852 3348 Atto}
873 3280 942 3365 μέν.

273 3382 361 3466 6)
340 3413 390 3464 ως
418 3386 482 3451 ἐστὶ
509 3381 555 3450 τὸ
583 3387 784 3450 πλειστον
811 3376 999 3466 γίνεται]
1034 3379 1112 3450 Ald
1148 3379 1179 3443 1.
1218 3372 1266 3457 ὡς

259 3487 267 3502 '
338 3491 389 3556 ἐστὶ
410 3485 449 3554 τὸ
469 3491 622 3555 πλεῖστον
641 3491 702 3574 μὲν
722 3507 856 3570 νινεται.
902 3483 905 3491 ’

270 3584 783 3686 Ότιαρεμτιοδισθεισης]
831 3587 883 3652 Sic
912 3586 989 3652 Ald.
1017 3587 1050 3650 2.
1080 3595 1111 3649 et
1142 3581 1259 3651 Casel.

338 3691 597 3784 ἒμιιοδισθεισης
617 3691 695 3756 Ald.
720 3691 752 3754 1.
775 3701 807 3754 ot
828 3691 938 3755 Lond.

268 3819 305 3898 8)
336 3817 377 3898 ἐξ
407 3807 688 3901 ἀνθρώπου]
712 3811 765 3876 sie
792 3812 873 3876 edidi
902 3835 944 3876 ex
964 3814 1072 3881 Havn
1098 3821 1130 3882 ot
1152 3807 1253 3880 Mon.

336 3922 377 3988 In
397 3916 486 3984 editis
506 3919 592 3987 deest
613 3915 820 4002 praepositio.
865 3916 939 3998 (O.)
