2728 4758
1044 445 1104 508 173

104 613 318 679 testimonium
339 613 509 693 praebent,
534 633 592 676 nos
617 623 728 676 contra
750 625 858 676 etmtes
881 635 921 677 ex
944 613 1108 696 disciplina

2 705 3 716 ¹
101 716 203 780 divini
224 715 390 781 Iamblichi
420 716 560 780 diversas
591 715 782 800 cognitionis
813 737 974 794 mensuras
1000 717 1108 782 distin·

2 827 3 872 t
98 832 238 904 guentes
260 819 399 882 dicemus
412 864 427 914 ,'
451 841 525 882 cum
547 817 690 903 cognitio
711 819 847 882 medium
869 820 945 904 quid
966 821 1006 884 sit
1026 822 1109 888 inter

96 925 192 1006 'quod
213 922 404 1008 cognoscit,
439 934 470 984 et
493 925 581 1006 quod
602 923 809 1006 cognoscitur
837 927 899 1004 (est
921 923 1002 987 enim
1025 925 1108 990 actio

98 1027 325 1111 cognoscentis
364 1025 449 1088 circa
483 1023 516 1088 id
549 1027 636 1110 quod
672 1026 877 1109 cognoscitur
909 1027 991 1090 sicut
1021 1028 1105 1092 actio

101 1129 188 1192 visus
212 1141 260 1192 est
282 1129 366 1191 circa
388 1127 513 1206 album)
548 1127 704 1190 interdum
732 1128 784 1190 illa
807 1128 916 1192 melius
939 1131 1108 1216 cognoscit

99 1233 131 1295 id
153 1235 242 1316 quod
264 1230 489 1317 cognoscitur,
528 1253 622 1314 quam
649 1243 697 1294 est
718 1231 765 1294 rei
787 1235 1028 1317 cognoscendae
1049 1257 1106 1298 na-

100 1349 190 1413 tura,
221 1337 377 1411 interdurn
399 1334 506 1416 peius,
538 1333 694 1398 interdum
715 1333 871 1416 pariliter.
931 1338 1107 1401 Nemeum

99 1451 235 1502 mentem
257 1451 398 1503 nostram
421 1459 473 1500 res
497 1437 604 1502 civiles
626 1449 814 1502 tractantem
837 1438 966 1502 dicimus
983 1461 1107 1524 cogno·

97 1565 189 1606 scere
221 1565 273 1607 res
307 1543 446 1628 singulas
476 1541 644 1605 referendo
678 1563 730 1604 eas
764 1543 803 1605 ad
830 1541 1036 1620 universalia,
1076 1554 1108 1605 et
1209 1625 1211 1630 Ι

97 1669 157 1732 per
178 1649 258 1710 baec
279 1659 313 1710 ut
335 1646 395 1709 sibi
416 1644 565 1728 proprias
586 1643 662 1708 istas
691 1645 759 1708 illas
781 1645 965 1727 perspicere
988 1667 1106 1708 conan-

64 1787 65 1792 κ
89 1753 163 1828 do,
203 1763 288 1814 certe
318 1750 371 1813 hic
398 1748 614 1834 cognitionem
636 1748 774 1810 dicemus
797 1748 1048 1829 essepotiorem
1069 1769 1106 1812 re

96 1853 250 1940 cognita,
285 1853 439 1938 siquidem
466 1851 630 1936 partibiles
661 1863 693 1914 et
720 1852 752 1914 in
782 1850 953 1916 mutatione
982 1851 1105 1934 positae

96 1979 148 2021 res
177 1958 338 2043 singulae:
383 1970 415 2020 at
447 1956 529 2021 ratio
565 1977 625 2037 per
657 1957 751 2038 quam
779 1975 866 2018 mens
900 1953 1003 2020 activa
1029 1955 1105 2018 istas

96 2062 220 2138 noscit,
243 2060 442 2142 impartibilis
466 2073 560 2143 atque
583 2057 796 2121 immutabilis.
840 2057 905 2121 Ubi
921 2079 1000 2121 vero
1015 2081 1102 2122 mens

94 2165 184 2229 inse
207 2185 386 2241 conversa,
423 2175 454 2228 et
476 2165 647 2228 secuudum
669 2161 802 2224 virtutes
826 2181 961 2243 operans
983 2183 1103 2246 purga·

86 2269 191 2333 'trices
221 2289 308 2332 suam
338 2264 493 2350 conspicit
521 2265 741 2343 substantiam,
779 2275 855 2327 tunc
882 2264 1015 2347 parilem
1047 2287 1103 2330 ne·

93 2393 184 2436 cesse
207 2384 346 2435 estesse
369 2370 582 2456 cognitionem
605 2393 676 2433 cum
697 2389 738 2433 co
768 2370 855 2452 quod
883 2368 1103 2454 cognoscitur.

95 2476 162 2541 Ubi
183 2497 262 2540 vero
290 2495 378 2538 mens
407 2477 515 2539 eadem
542 2476 693 2537 scandens
724 2474 763 2535 ad
794 2492 870 2536 suae
899 2471 1104 2560 perfectionis

85 2579 279 2665 fastigium,
304 2591 336 2642 et
358 2578 617 2661 contemplativas
639 2577 774 2640 virtutes
795 2586 933 2638 nameus
957 2575 1101 2657 specula·

92 2695 147 2747 tur
175 2705 213 2746 ca
244 2704 325 2766 quae
356 2685 396 2746 ad
423 2681 544 2745 divinas
577 2679 822 2766 gubernationes
851 2678 1031 2760 pertinent,
1070 2689 1102 2746 et

94 2809 160 2872 quo
182 2789 280 2851 modo
301 2785 373 2849 illae
395 2805 504 2849 omncs
528 2806 569 2848 ex
590 2806 656 2847 uno
678 2783 837 2848 communi
859 2782 998 2848 omnium
1012 2781 1101 2865 prin·

94 2889 180 2974 cipio
213 2892 411 2973 procedant,
450 2901 481 2952 ct
509 2908 590 2972 quae
618 2888 769 2971 cuiusque
796 2887 999 2969 proprietas,
1036 2893 1103 2948 turn

94 3013 226 3058 necesse
247 3005 295 3057 est
317 2992 533 3079 cognitionem
555 2989 746 3054 deteriorem
769 3010 838 3052 esse
867 3010 907 3053 eo
937 2973 1104 3072 quod'co-

96 3097 277 3184 gnoscitur.
335 3099 426 3160 Haec
448 3119 518 3159 eum
540 3095 583 3159 ita
605 3115 638 3157 se
667 3095 835 3168 habeant,
863 3091 1027 3155 dicendum
1056 3103 1104 3155 est

94 3201 185 3266 Deos
207 3219 303 3264 nosse
325 3201 451 3285 quidem
473 3198 577 3264 omnia
606 3219 685 3281 quae
717 3197 808 3260 fuere
842 3206 873 3258 ct
902 3217 982 3278 quae
1011 3207 1101 3269 sunt,

84 3315 141 3368 ·et·
157 3323 237 3387 quae
265 3302 427 3367 imminent
456 3316 508 3366 aut
537 3314 690 3367 eventura
718 3312 808 3375 sunt,
832 3307 887 3362 'eo
921 3299 1018 3361 modo
1048 3283 1121 3380 'qui‘

83 3407 166 3472 Dis
190 3407 374 3483 conveniat,
412 3407 476 3470 hoc
503 3419 550 3470 est
570 3429 632 3470 una
655 3428 692 3468 ac
713 3402 839 3466 definita
861 3423 898 3464 ac
918 3399 1102 3463 immutabili

94 3511 293 3596 cognitione,
317 3514 452 3574 undeet
474 3531 581 3573 rerum
603 3507 784 3591 ancipitium
807 3503 1022 3590 cognitionem
1045 3521 1101 3566 eos

95 3615 287 3696 complecti,
326 3613 437 3698 utqui
460 3613 564 3679 omnia
587 3633 666 3696 quae
688 3611 720 3674 in
734 3609 868 3672 'Mundo
891 3618 984 3682 sunt,
1022 3627 1102 3689 pro-

93 3719 228 3794 ducant,
275 3731 306 3781 et
341 3739 448 3781 rerum
488 3700 684 3780 aeternarum
722 3713 832 3775 unicae
869 3711 930 3774 sint
968 3730 1097 3784 causae,

94 3841 209 3886 eorum
239 3843 318 3884 vero
352 3843 432 3905 quae
463 3821 635 3906 gignuntur
665 3837 776 3879 causae
800 3813 973 3878 adiutrices'
987 3833 1099 3876 secun·

97 3903 170 3988 dum
193 3925 342 4007 proprias
366 3925 479 4008 cuique
501 3945 611 3987 eorum
634 3919 852 4004 operationes,
892 3930 922 3980 et
952 3928 1098 4000 tanquam

82 4028 150 4112 ·qui
171 4017 404 4114 introspectent
425 4049 490 4094 non
510 4039 630 4092 tantum
660 4045 765 4088 rerum
793 4019 1004 4096 substantias,
1044 4019 1099 4086 sed
1175 4099 1180 4104 .
