2728 4758
1027 375 1093 448 219

91 555 475 640 mundissimarum,
510 575 574 624 uno
601 551 794 640 appellamur
821 555 960 622 nomine.
1016 554 1089 620 Nee

92 660 147 745 qui
170 660 204 724 in
227 660 358 724 Parthia
390 674 463 726 sunt
484 658 655 726 Christiani
677 660 786 742 plures
814 655 931 724 ducunt
951 679 1084 735 uxores,

93 762 235 848 mauvis
254 763 366 826 Parthi
387 765 449 827 sint
474 776 505 827 et
526 763 604 846 ipsi:
627 783 686 827 nec
706 763 761 847 qui
779 763 811 826 in
833 765 943 826 Media
963 762 1086 838 vivunt,

91 867 221 930 canibus
244 866 395 930 obiiciunt
423 878 590 940 mortuos3
626 887 685 928 nee
710 861 815 949 quiin
844 865 977 930 Perside
1002 879 1085 943 sunt,

91 970 170 1033 filias
198 972 315 1048 ducunt
342 991 479 1045 uxores,
520 991 589 1031 eum
619 981 650 1031 et
679 967 741 1050 ipsi
765 968 825 1032 sint
850 971 986 1034 Persae:
1023 990 1088 1033 non

92 1076 177 1156 apud
198 1072 383 1160 Bactrianos
405 1084 436 1135 ct
459 1072 569 1135 Gallos
592 1071 690 1134 aliena
707 1071 904 1135 matrimonia
923 1085 1087 1149 temerant,

90 1189 157 1241 non
180 1175 213 1238 in
237 1176 390 1260 Aegypto
414 1175 522 1238 cohint
540 1173 664 1256 sapim,
687 1184 758 1236 'aut
783 1196 909 1254 canem,
950 1187 1002 1237 aut
1023 1176 1091 1238 hir·

91 1302 182 1356 cum,
213 1289 266 1342 aut
288 1279 401 1356 selem,
438 1281 495 1342 sed
520 1276 622 1341 ubivis
648 1288 720 1340 sunt
745 1278 909 1354 locorum,
944 1300 1091 1365 nonupa·

89 1384 211 1447 tiuntuir
236 1369 487 1464 amale'positis
506 1381 630 1465 legibus
653 1392 706 1444 aut
726 1380 927 1444 institutis‘se
949 1383 1087 1446 devinci.

90 1488 167 1550 Non
194 1506 249 1548 eos
272 1505 289 1547 a
310 1484 504 1566 principibus
522 1483 619 1546 stellis
642 1487 819 1569 gubernata
839 1484 983 1548 nativitas
1000 1506 1088 1548 com·

88 1589 180 1673 pellit
208 1588 375 1672 quicquam
400 1609 510 1650 eorum
531 1587 658 1662 facere,
697 1608 776 1672 quae
804 1588 953 1672 magister
980 1609 1091 1652 eorum

41 1776 44 1780 =
89 1692 203 1757 veniit.
247 1690 378 1754 Interim
399 1675 519 1753 morbis
541 1711 578 1752 ac
601 1690 779 1773 paupertati
807 1703 839 1753 et
863 1690 1021 1770 adversis,
1059 1703 1090 1756 et

89 1797 118 1860 ci
141 1815 221 1879 quae
248 1793 293 1856 sic
324 1793 456 1868 dicitur,
493 1792 636 1856 infamiae
664 1794 838 1856 subiacent.
893 1795 981 1857 Sicut
1008 1795 1089 1859 euim

88 1899 114 1964 is
142 1899 223 1962 intra
245 1917 304 1960 nos
326 1885 442 1973 homo,
478 1895 532 1978 qui
551 1895 632 1960 liber
655 1908 719 1973 est,
751 1899 791 1959 ad
811 1897 993 1960 servitutem
1024 1921 1089 1963 non

75 2003 237 2088 'cogimm
267 1999 346 2063 etsi
368 2000 437 2082 quis
463 2020 581 2086 cogere
607 1999 683 2062 velit
706 2001 734 2063 ei
752 1999 892 2077 obsistit,
923 2001 966 2064 ita
987 2003 1013 2065 is
1037 2003 1092 2086 qui
1149 2055 1153 2062 .

89 2105 287 2186 conspicitur
310 2105 410 2166 homo·
435 2123 566 2179 servus,
603 2123 668 2166 non
693 2103 787 2166 facile
814 2105 956 2188 effugere
984 2118 1092 2186 potest
1173 2113 1179 2142 ⁵

89 2209 284 2274 necessitatis
313 2206 483 2268 vinculum.
528 2207 611 2268 Nam
639 2206 666 2268 si
695 2207 798 2270 omnia
821 2229 880 2272 nos
905 2228 1087 2290 possemus,

88 2335 150 2400 nos
180 2331 316 2375 essemus
348 2311 411 2372 hoc
443 2309 652 2382 Universum3
700 2323 812 2376 contra
843 2333 922 2375 vero
958 2312 984 2374 si
1015 2315 1092 2378 nihil

88 2437 273 2502 possemus,
299 2413 433 2476 aliorum
458 2434 613 2488 essemus,
638 2424 673 2474 ut
698 2425 768 2476 aute
791 2413 876 2489 dixi,
901 2415 1091 2482 instrumen·
1181 2465 1183 2472 .

88 2535 140 2596 ta,
179 2539 243 2580 non
271 2514 374 2580 nostri
401 2515 557 2596 ipsorum.
615 2514 661 2578 At
686 2515 759 2581 Deo
787 2518 913 2580 favente
943 2521 1019 2584 nihil
1046 2535 1093 2585 est

79 2625 181 2710 ‘quod
202 2621 272 2684 fieri
300 2631 453 2704 nequeat,
489 2641 581 2682 nemo
608 2631 654 2682 cst
682 2619 735 2703 qui
767 2621 938 2702 prohibere
969 2625 1111 2706 possit,·

90 2747 173 2812 quae
200 2725 226 2787 ei
253 2725 390 2805 placent.
435 2723 521 2785 Nihil
547 2722 627 2785 enim
657 2735 704 2785 est
733 2726 819 2806 quod
846 2723 911 2787 eius
937 2730 1094 2798 voluntati

89 2831 193 2916 possit
226 2830 368 2892 obstare.
412 2829 495 2888 Nam
528 2837 558 2888 et
587 2847 666 2909 quae
691 2847 870 2910 repugnare
898 2828 926 2892 ei
948 2831 1093 2900 videntur
1166 2837 1171 2850 '

90 2955 132 2998 eo
157 2941 358 3015 repugnant,
396 2931 484 3012 quod
513 2929 600 2991 Deus
633 2950 703 2990 cum
740 2930 780 2992 sit
811 2931 913 2994 bonus
941 2937 1096 3016 permittit

90 3037 207 3119 cuique
231 3045 361 3096 naturae
386 3031 712 3116 suas'proprietates,
748 3044 778 3095 et
802 3035 956 3100 voluntati
980 3039 1088 3106 huma·

90 3161 151 3204 nae
173 3159 261 3202 suam
282 3137 471 3200 libertatem.

69 3256 75 3274 ¹
156 3239 246 3308 Haec
269 3240 368 3322 Syrus
391 3237 456 3302 ille.
