2728 4758
263 387 326 456 260

208 582 211 586 ·
286 561 320 641 4)
345 561 472 650 μηδὲν
494 555 833 646 τῶνηινομίνυν]
856 555 982 620 Α11.2.
1006 549 1069 623 τῶν
1085 557 1260 643 γινομένων

347 665 458 749 μηδὲν.
508 725 511 732 l

159 805 165 810 -
285 767 320 847 b)
347 765 387 834 τί
408 768 450 832 δέ
469 757 550 831 ποτ’
575 760 688 830 ἔστιν
708 761 793 842 eto]
826 759 879 824 Sic
892 761 1001 833 Havn.
1018 761 1115 830 Mon.
1133 759 1211 826 Ald.
1228 765 1258 826 1.

348 880 380 932 et
407 867 516 944 Lond.
572 865 618 929 At
642 863 720 928 Ald.
746 864 779 927 2.
815 884 886 926 cum
915 861 1042 929 Caselio
1067 864 1100 930 τί
1127 860 1257 946 δήποτ’

322 1053 325 1058 Ι
348 967 406 1037 ὀῦν
423 968 521 1036 ἔστιν.
563 966 664 1052 Atqui
685 969 765 1031 bene
785 965 881 1030 habet
900 966 1030 1052 vulgata
1054 966 1161 1031 lectio.
1194 967 1260 1033 Re·

347 1074 504 1155 spondent
529 1069 610 1134 enim
629 1070 709 1134 haec
737 1071 837 1133 verba
861 1079 1008 1153 tanquam
1032 1070 1165 1134 alterum
1188 1092 1261 1136 ora·

347 1173 441 1239 tionis
464 1172 704 1250 membrum,
694 1171 732 1236 ris
761 1193 842 1257 quae
859 1172 1050 1294 leguntur
1039 1172 1129 1238 mitio
1152 1173 1262 1294 capitis

349 1273 387 1343 τὸ
408 1271 504 1364 μὲν
488 1276 546 1344 οὖν
570 1275 653 1343 ἐίναί
676 1299 711 1342 τι
731 1269 792 1355 τὴν
815 1277 1011 1367 ἱιμυρμένην
1029 1317 1047 1332 -
1065 1316 1083 1331 -
1105 1300 1222 1355 ικανως
1241 1302 1262 1359 η

268 1397 272 1404 ’
348 1379 412 1445 τῶν
422 1373 613 1470 ἀνθρώπων
627 1377 799 1459 συνίστησι
814 1373 1000 1472 πρόληψις,
1017 1389 1053 1442 nt
1068 1379 1175 1464 itaque
1189 1390 1265 1462 post

348 1475 458 1547 οὐκέτι
480 1502 575 1544 sensu
597 1483 803 1564 repetendum
831 1478 872 1543 sit
903 1480 1096 1563 συνίστησι,
1140 1493 1172 1545 et
1205 1480 1264 1546 im-

347 1583 493 1667 posuerit
523 1581 704 1648 correctori
727 1580 862 1647 Aldinae
890 1582 923 1648 2.
954 1577 1084 1671 longior
1114 1584 1263 1670 periodus

270 1696 273 1704 '
347 1683 545 1768 interposita.
578 1686 653 1766 (0.)

286 1790 321 1870 6)
349 1783 518 1869 οὐκέτι]
556 1788 689 1852 Grotius
707 1799 834 1854 vertens
857 1780 895 1849 id
910 1781 979 1852 nou
1001 1811 1109 1874 oeque
1132 1787 1265 1871 expedi·

237 1907 239 1910 ·
344 1896 507 1967 comest,
539 1888 655 1976 legisse
684 1889 809 1954 videtur
836 1891 936 1972 δῆλον
963 1901 1016 1954 aut
1046 1890 1145 1955 simile
1178 1890 1264 1974 quid.

353 1991 400 2055 At
415 1991 531 2056 nullam
552 1993 695 2056 lacunam
718 2004 895 2079 agnoscunt
917 1990 1023 2057 Codd.
1046 2005 1078 2057 et
1100 1993 1263 2070 editiones,

351 2115 410 2159 neo
430 2095 523 2158 etiam
544 2093 719 2185 Bagolinus
746 2108 872 2160 vertens
898 2115 965 2162 non
996 2099 1086 2163 item.
1128 2095 1174 2160 Et
1198 2117 1265 2162 om·

351 2197 427 2262 nino
445 2198 517 2261 vide
535 2200 654 2262 Notam
670 2201 923 2282 praecedentem.
951 2198 1025 2280 (0.)
1068 2195 1195 2268 Scilicet
1210 2221 1266 2290 pa·

276 2295 280 2300 ’
352 2299 537 2365 nentheseos
582 2300 673 2387 signa
699 2303 856 2386 ponenda
890 2311 979 2365 erant
1013 2299 1076 2364 iam
1108 2313 1184 2400 post
1214 2302 1267 2366 illa

352 2402 524 2497 συνίστησι
539 2399 728 2496 πρόληψις,
761 2405 946 2490 quibuscum
963 2405 1060 2482 baec,
1093 2405 1132 2468 de
1155 2405 1268 2490 quibus

352 2524 458 2571 sermo
480 2518 549 2586 est,
587 2507 760 2573 arctissime
785 2509 967 2572 cohaerent.
1010 2509 1125 2591 (Oosp
1148 2509 1268 2589 Orell.)

289 2607 324 2691 t)
352 2611 468 2677 δοκεῖ
485 2610 747 2699 γίνεσθαι]
745 2610 824 2676 Ald.
842 2612 875 2676 2.
895 2611 1054 2698 γίνεσθαι
1075 2611 1173 2680 δοκεῖ.

354 2839 414 2896 την
438 2817 645 2907 ἕιμαρμίνηυ.

290 2915 326 2999 9)
354 2913 398 2984 οὗ
431 2913 513 2986 κατ’
551 2915 700 3001 ἀυτὴν]
750 2918 847 2986 Mon.
876 2932 911 2986 et
936 2919 1016 2986 Ald
1047 2919 1080 2984 2.
1113 2913 1153 2988 οὐ
1185 2912 1272 2986 κατὰ

274 3037 279 3044 ’
353 3015 485 3103 ταύτην.

271 3123 325 3204 10)
352 3118 402 3189 τὰ
429 3125 499 3207 τῆς
528 3118 671 3215 τύχης]
707 3121 784 3192 Alc.
811 3127 843 3191 2.
873 3122 916 3192 τὰ
943 3124 1002 3208 τῆς
1027 3125 1139 3219 ψυχῆς
1167 3123 1269 3190 Male.

274 3237 277 3244 '
354 3229 445 3293 Haec
482 3239 586 3292 tamen
628 3229 727 3302 verba
770 3229 949 3314 saepissime
984 3240 1203 3313 permutantur
1237 3228 1270 3292 in

282 3323 287 3345 ”
354 3331 480 3396 Msstis.
538 3331 624 3398 Vide
653 3355 733 3417 quae
762 3331 1002 3414 observavimus
1028 3335 1067 3397 ad
1088 3330 1272 3416 Demophili

220 3415 223 3432 ¹
355 3435 455 3499 Simil.
479 3434 519 3501 29
542 3447 573 3500 et
595 3435 648 3502 32.
670 3436 703 3500 in
725 3419 849 3521 Opusc.
872 3448 937 3499 vet.
958 3427 1084 3500 Graec(
1099 3433 1272 3500 sententio·

276 3559 281 3568 ·
354 3537 396 3602 sis
418 3560 453 3621 p.
476 3539 552 3603 1147.
585 3540 658 3620 (0.)

273 3641 327 3723 11)
354 3636 376 3724 ἡ
397 3638 565 3724 ζήτησις
585 3637 700 3734 περὶ]
723 3641 850 3707 Α11.1.
873 3635 893 3723 ἦ
916 3635 1049 3724 ζήτησις
1069 3635 1089 3723 ἡ
1111 3635 1184 3731 saepi
1205 3653 1272 3705 etc.

274 3746 328 3829 12)
354 3739 571 3826 ἡτοιαύτη
600 3738 749 3838 φύσις]
783 3745 835 3809 Sic
858 3743 965 3809 Havn.
996 3745 1093 3808 Mon.
1129 3745 1207 3808 Ald.
1237 3745 1273 3812 2.

356 3859 388 3913 et
410 3843 516 3915 Casel.
541 3841 561 3931 ἡ
583 3842 694 3918 τοιάδε
717 3843 818 3943 φύσις
839 3849 916 3916 Ald.
940 3849 972 3914 1.
995 3859 1027 3912 et
1048 3847 1156 3914 Lond.
1189 3917 1194 3936 ἑ
