2774 4756
1091 401 1151 464 315

165 567 200 646 3)
229 560 275 632 τὸ
296 559 518 646 τοιοῦτον]
554 559 594 631 τὸ
615 563 719 630 addidi
740 585 781 630 ex
805 565 914 632 Ham.
952 569 1025 648 (0.)

166 670 200 749 4)
228 664 249 750 ἡ
273 663 402 762 φύσις
424 665 557 736 ιἰντῶν
585 669 678 749 (τοῦ
697 671 906 758 χείρονος)
935 669 1151 738 ἀνεπίδεκ-

232 766 302 851 τός
322 771 459 852 ἐστιν]
473 774 592 838 Verbis
602 773 660 840 τοῦ
668 773 814 863 χείρονος
825 777 882 837 sed
891 775 1011 839 uncinis
1021 775 1160 839 inclusis*

232 876 379 959 supplevi
399 876 615 960 imperfectam
637 877 839 954 seutentiam
864 899 943 962 quac
965 878 1147 944 coniectura

230 982 388 1063 probatur
409 980 516 1076 verbis
539 980 741 1063 sequentibus
763 981 821 1062 τῆς
835 977 967 1072 φύσεως
980 978 1070 1068 ἡμῶν
1084 983 1152 1050 ἐπι-

230 1083 378 1164 δικτικῆς
400 1078 500 1166 ὀύσης
521 1083 582 1150 τσῦ
600 1083 757 1173 χείρονος.
801 1084 952 1162 Grotius,
977 1087 1064 1150 cuius
1079 1109 1152 1150 ver·

228 1186 351 1250 sionem
373 1186 509 1265 mutavi,
534 1187 612 1250 haec
632 1187 676 1249 ita
697 1188 849 1262 reddens,
876 1190 960 1269 quin
983 1189 1027 1252 ab
1052 1193 1149 1256 initio

229 1300 358 1356 natura
380 1291 533 1371 ipsorum
551 1289 633 1352 talis
657 1299 723 1370 est,
745 1298 783 1352 nt
803 1290 891 1352 nihil
910 1291 945 1353 ei
968 1288 1155 1370 superaddi

234 1401 355 1476 quent,
389 1389 504 1474 legisse
535 1389 678 1454 videtur:
717 1379 770 1456 ὅτι
798 1386 858 1469 τὴν
886 1384 989 1479 ἀρχὴν
1009 1384 1030 1469 ἡ
1052 1384 1153 1480 φύσις

229 1489 338 1560 ἀντῶν
373 1493 458 1572 (τῶν
492 1487 667 1580 μειζόνων)
701 1487 907 1570 nusciosum
939 1494 1036 1560 ἐστιν.
1079 1492 1153 1572 (0.)

231 1595 384 1677 Quamvis
399 1594 598 1682 ingeniosum
613 1596 698 1660 istud
715 1595 755 1658 sit
771 1596 1034 1679 supplementum,
1058 1609 1151 1660 eruut

229 1712 333 1763 tamen
356 1699 388 1764 ni
408 1699 525 1777 fallor,
564 1699 618 1783 qui
641 1700 740 1763 minus
764 1697 973 1762 necessarium
1001 1697 1035 1761 id
1055 1720 1151 1782 rcpn-

229 1814 316 1866 tent:
340 1805 472 1866 deorum
495 1803 576 1868 enim
599 1814 742 1866 naturam
763 1824 822 1865 nec
845 1803 983 1878 bonum,
1009 1825 1067 1866 nec
1085 1825 1150 1866 ma·

230 1906 314 1981 lum,
352 1926 412 1969 nec
432 1906 527 1970 ullam
559 1907 695 1972 omnino·
717 1926 785 1970 rem
813 1905 974 1986 recipere,
1013 1906 1148 1990 ideoque

229 2006 414 2089 simpliciter
442 2005 648 2077 ἀνεπίδεκτον
679 2009 740 2073 dici
761 2009 971 2087 Alexandr03
1009 2022 1150 2074 nostram
1231 2002 1235 2010 ’

229 2109 393 2194 utriusque
416 2112 628 2176 accessionem
651 2125 682 2177 et
703 2112 928 2176 incrementum
950 2111 1036 2193 pati,
1070 2135 1149 2195 pro-

125 2257 144 2292 ..
229 2213 300 2278 inde
323 2234 391 2280 eam
413 2213 495 2278 infra
519 2216 630 2280 vocari
651 2212 849 2297 ἕντιδειιτιιὲὴν
878 2219 933 2281 καὶ
962 2217 1021 2281 τσῦ
1045 2216 1152 2306 χείρο-

229 2340 342 2406 ponec,
365 2315 388 2380 i.
412 2338 443 2379 e·
467 2311 506 2383 οὐ
527 2313 629 2403 μόνον
651 2321 710 2386 τοῦ
731 2320 898 2405 βελτίονος
920 2313 1007 2385 ἀλλὰ
1022 2321 1151 2388 καὶτοῦ

229 2421 387 2489 ἐναντίου.
409 2420 499 2486 Infra
520 2443 582 2504 pro
604 2423 834 2512 περιγίνεσθαι
856 2421 1038 2487 concinnius
1061 2423 1148 2510 legas

127 2576 153 2586 ..
231 2523 494 2615 παραγίνεσθαι.
536 2525 648 2608 (Cosp.
664 2523 783 2602 Orell.)

167 2649 201 2726 ὅ)
230 2647 293 2714 ἐπὶ
326 2641 490 2728 κτήσει]
544 2646 593 2710 Ita
625 2645 723 2710 Mon.
755 2657 787 2710 et
815 2647 924 2712 Lond.
958 2639 1008 2714 s’isi
1041 2647 1151 2718 κτίσει.

63 2744 69 2750 ’
205 2749 377 2815 ·Aldiuae.

167 2863 200 2941 (ν)
232 2860 285 2929 Οὐ
314 2861 393 2954 γὰρ
422 2855 637 2956 ἀφῄρηται
670 2857 742 2941 τὴν
773 2860 969 2942 ἐξουσίαν
1005 2859 1098 2930 ὅντε
1131 2861 1150 2930 ὁ

125 2981 128 2988 ’
229 2962 401 3044 Πύθιος
421 2965 561 3056 contegi
576 2959 689 3056 ἀντῷ
707 2964 904 3051 χρῆσθαι
925 2988 967 3030 τε
987 2971 1057 3032 ναὶ
1076 2965 1149 3053 μὴ]

230 3070 359 3133 Sensum.
384 3071 499 3133 horum
529 3070 703 3133 verborum
730 3068 773 3131 in
792 3068 940 3131 versione
973 3090 1028 3132 sua
1057 3073 1149 3151 plane

121 3181 124 3190 '
229 3171 385 3257 persentit
421 3171 567 3236 Grotius.
638 3171 766 3254 Optime
802 3183 914 3236 contra
949 3171 1147 3257 Bagolinns:
1180 3189 1183 3198 '

223 3268 317 3360 Nam
346 3293 408 3336 nee
431 3272 742 3358 facultas,Pylhio
767 3274 924 3355 surrepta
947 3284 1016 3350 est,
1048 3287 1085 3338 nt
1105 3281 1150 3340 ci-

224 3373 301 3438 dem
327 3379 523 3450 responsum
557 3374 612 3442 det
643 3375 702 3438 vel·
719 3395 787 3436 non
811 3374 884 3438 den·
916 3372 1148 3440 Schulthessius
1246 3429 1248 3432 .

120 3484 123 3494 “
228 3466 402 3565 ἀφῄρηται
424 3471 524 3532 active
540 3471 693 3552 accipiens
715 3474 820 3539 locum
839 3475 884 3537 sic
906 3475 1023 3538 vertit:
1057 3481 1148 3544 Denn

143 3579 145 3584 '
228 3576 333 3640 weder
354 3571 490 3654 Apollo
514 3575 604 3636 noch
628 3575 853 3656 Aesculapius
875 3578 982 3641 haben
1007 3601 1069 3642 uns
1092 3581 1149 3645 der

227 3672 381 3756 Fre'yh‘eit
402 3671 560 3747 benonin
585 3677 684 3747 jener
707 3677 776 3738 sein
804 3677 926 3759 Qraucl
952 3700 993 3740 zu
1012 3677 1169 3762 fragen-

227 3771 310 3834 oder
334 3773 429 3834 nicht
460 3792 504 3834 zu
527 3768 680 3852 frngeu,
714 3770 818 3838 dieser
846 3777 934 3838 scine
959 3777 1075 3858 Hu‘Ise
1104 3801 1148 3842 zu

226 3871 351 3936 cuchen
372 3871 454 3934 oder
473 3871 565 3932 nicht
587 3891 629 3932 zu
649 3871 784 3934 sumen.
826 3872 888 3936 Sed
913 3877 1080 3958 quominus
1103 3878 1148 3941 sic

232 3969 417 4058 accipiamus
441 3969 568 4056 impedit
587 3991 720 4054 sequeus
741 3976 986 4062 προΐστασθαι,
1013 3983 1097 4070 quod
1123 3983 1149 4054 si
