2758 4760
264 406 308 468 82·

264 569 422 662 καθάπερ
446 567 520 638 όάὃέ
544 567 607 652 τὴν
625 573 684 637 τοῦ
707 567 800 638 ὀίκου
822 576 879 637 καὶ
900 567 960 650 τὴν
982 572 1042 638 τοῦ
1057 567 1220 638 δεσπότου
1236 571 1280 652 ¹⁸)

262 672 283 758 ἡ
306 676 449 764 τυχοῦσα
471 675 535 740 τῶν
558 669 692 740 οἰκετῶν
711 673 918 763 ῥᾳδιουργίαι.

706 859 821 926 ΚΣΤ.

319 978 418 1100 ῗέΑὸ
404 978 609 1100 ὲάποροεῖσι
636 975 720 1070 πρὸς
745 976 783 1046 τὸ
811 981 895 1048 ἐῖυαι
923 983 1075 1050 τοιοῦτον
1105 981 1154 1076 ἐφ’
1178 979 1274 1082 ἡμῖν
1291 1029 1293 1034 .

259 1081 375 1152 ὁποῖον
398 1079 419 1166 ἡ
442 1080 534 1164 κοινὴ
556 1077 725 1175 πρόληψις
746 1083 810 1148 τῶν
832 1079 1023 1175 ἀνθρώπων
1046 1087 1270 1172 πεπίστευκεν,

258 1182 393 1278 ἀπορεῖν
418 1193 479 1274 μὲν
510 1181 569 1254 οὐκ
603 1181 747 1270 ἄλογον
789 1182 829 1250 τὸ
861 1189 896 1252 δὲ
925 1191 996 1264 τοῖς
1031 1182 1271 1279 ἀπορουμένοις

257 1293 494 1381 ἐποχουμένους
530 1283 573 1366 ὡς
615 1282 912 1376 ὁμολογουμένοις,
958 1284 1106 1380 ἀναιρεῖν
1140 1296 1201 1377 μὲν
1226 1287 1272 1356 τά

257 1388 361 1470 ὁείτως
382 1392 502 1480 ἐναργῆ
527 1393 572 1472 1),
610 1391 837 1482 σκιαγραφίαν
868 1393 905 1456 δέ
935 1415 1010 1458 τινα
1046 1396 1102 1458 καί
1133 1388 1271 1460 παιδιὰν

255 1493 453 1587 ἀποφαίνειν
481 1490 541 1560 τὸν
576 1487 768 1583 ἀνθρώπων
797 1494 873 1578 βίον
901 1499 957 1560 καί
982 1495 1277 1582 συναγωνίζεσθαι·

253 1603 322 1678 τοῖς
345 1594 585 1688 ἀπορουμένοις
610 1590 690 1661 καθ’
716 1591 840 1677 ἀυτῶν,
867 1598 936 1674 πῶς
963 1592 1002 1663 οὐ
1028 1600 1060 1679 ²)
1092 1593 1275 1666 numina-²

253 1724 307 1768 σιν
334 1697 458 1785 ἀλογον
488 1702 535 1782 5),·
585 1693 631 1765 Οά
660 1695 725 1788 γὰρ
751 1699 798 1790 τῷ
827 1695 873 1786 μὴ
909 1696 939 1780 4)
974 1701 1142 1793 δυναμένῳ
1179 1696 1273 1769 λύων

252 1800 327 1870 τινά
361 1804 425 1870 τῶν
453 1797 604 1883 Ζήνωνος
639 1797 746 1887 λόγων
781 1803 846 1868 τῶν
880 1799 967 1868 κατά
1006 1805 1066 1883 τῆς
1094 1798 1266 1886 κινήσεως,

250 1901 313 1987 ήδη
332 1906 457 1988 κίνησιν
481 1900 689 1994 ἀναιρετέον,
726 1907 907 1995 ἱκανωτέρα
930 1900 1044 1996 γὰρὴ
1075 1909 1136 1973 τοῦ
1160 1902 1267 1998 πρσίγ·

249 2009 356 2098 ματος
385 2003 534 2099 ἐνάργεια
554 2011 583 2088 5)
611 2003 694 2099 πρὸς
716 2004 970 2094 συγκατάθεσιν
997 2003 1106 2090 ποίσης
1127 2011 1187 2091 τῆς
1211 2007 1277 2077 δείν’Ι

249 2106 356 2198 λόγων
377 2107 580 2204 ἀναιρούσης
602 2105 685 2177 ἀυτὸ
708 2105 949 2192 πιθανότητος.

316 2211 363 2281 θίι
383 2219 494 2306 χεῖρον
522 2217 557 2281 δὲ
581 2207 610 2294 ⁶)
637 2215 714 2290 ἴσως
740 2219 796 2279 καὶ
821 2209 909 2301 ἡμᾶς
935 2216 1004 2281 τῶν
1031 2210 1274 2306 ἀπορουμένων·

247 2312 298 2384 ὑπ’
322 2311 446 2398 ἀυτῶν,
469 2313 519 2394 ὁῖς
540 2310 685 2404 μάλιστα
706 2317 900 2408 θαρροῦσι,
922 2321 1029 2384 ταῦτα
1050 2343 1273 2412 προχειρισα-Υ

247 2421 365 2509 μένους
389 2415 538 2514 ἐξετοίσαι
564 2419 632 2498 πῶς
653 2418 736 2507 ἔχει·
773 2422 851 2498 ἴσως
871 2418 935 2512 γὰρ
961 2418 1057 2488 οὐδέν
1084 2419 1172 2509 ἄγαν
1194 2449 1264 2516 φα-

246 2526 350 2590 νεῖται
383 2525 429 2616 ἐις
457 2518 553 2590 ἀυτοί.
601 2517 696 2588 Ἔστι
725 2518 766 2604 ὃιί
799 2547 830 2589 τι
863 2525 926 2590 τῶν
950 2520 1185 2615 ἀπορουμένων
1206 2522 1261 2594 ἀπ’

195 2713 197 2718 Δ
244 2621 354 2693 ἀυτῶν
385 2631 440 2692 καὶ
468 2641 627 2693 τοιουτου.
692 2620 758 2705 Ei,
801 2649 906 2719 φασι,
945 2622 1054 2694 τοῦτοί
1089 2629 1177 2696 ἐστιν
1209 2631 1261 2720 ἐφ’

243 2723 342 2816 ἡμῖν,
385 2718 430 2796 ὧν
461 2733 516 2795 καὶ
547 2724 590 2794 τά
619 2723 823 2848 ἀντικείμενα
851 2724 1041 2817 δυναίμεθα
1101 2731 1172 2798 Καὶ
1209 2733 1287 2800 επὶ’

244 2836 316 2912 τοῖς
336 2827 501 2910 τοιούτοις
522 2827 588 2899 ὁίτε
614 2829 764 2912 ἔπαινοι,
800 2837 857 2898 καὶ
886 2837 918 2900 οἱ
950 2829 1079 2927 ψόγοι,
1114 2857 1271 2964 προτρο-Ι

245 2935 307 3003 παί
326 2959 361 3002 τε
389 2940 445 3002 καὶ
470 2917 675 3027 ἀποτροπαὶ,
703 2930 856 3014 κολοίσεις
880 2959 915 3002 τε
936 2936 966 3016 ⁷)
994 2961 1051 3002 και
1068 2943 1178 3060 τιμαὶ,
1200 2933 1264 3005 οὐκ

243 3038 338 3106 ἕσται
375 3034 416 3105 τὸ
444 3039 619 3131 φρονίμοις
645 3039 728 3105 ἐῖναι
760 3043 818 3104 καῖ
846 3033 906 3116 τὰς
942 3035 1062 3131 ἀρετὰς
1091 3039 1173 3128 ἔχειν
1208 3042 1263 3109 ἐπὶ

244 3146 315 3220 τοῖς
355 3140 505 3230 ἔχουσιν,
565 3132 618 3208 ὅτι
648 3141 733 3227 μηδέ
763 3143 828 3208 ἐισι
864 3142 894 3221 ⁸)
933 3143 997 3208 τῶν
1030 3137 1267 3228 ἀντικειμένων

243 3245 366 3313 κακιῶν
392 3246 421 3327 9)
448 3251 523 3322 ταῖς
541 3239 675 3335 ἀρεταῖς
697 3242 837 3310 δεκτικοί
859 3245 914 3325 ¹⁰).
953 3238 1095 3333 Ὁμοίως
1119 3249 1156 3314 δέ
1180 3242 1261 3316 οὐδὲ

217 3405 219 3414 ,
241 3353 279 3416 αἱ
300 3347 413 3416 κακίαι
435 3349 485 3414 ἐπὶ
506 3351 577 3425 τοῖς
597 3350 726 3426 κακοῖς·
745 3341 821 3414 οὐδὲ
842 3343 909 3440 γὰρ
927 3348 978 3415 ἐπὶ
992 3355 1053 3436 μὲν
1067 3345 1199 3430 τούτοις
1214 3353 1259 3432 ¹¹)

242 3447 282 3519 τὸ
306 3446 414 3541 μηκέτ’
453 3452 536 3518 ἐῖναι
562 3453 687 3528 κακοῖς.
752 3444 859 3517 Ἀλλά
886 3447 952 3540 μὴν
981 3449 1107 3520 ἀτοπον
1141 3451 1180 3520 τὸ
1208 3451 1257 3542 μὴ

241 3556 345 3639 λέγειν
377 3550 438 3632 τὰς
470 3549 590 3644 ἀρετὰς
625 3557 681 3619 καί
708 3548 769 3631 τὰς
800 3554 917 3633 κακίας
952 3552 1002 3647 ἐφ’
1041 3551 1135 3643 ἡμῖν,
1170 3559 1257 3646 μηδὲ

241 3653 318 3735 τοὺς
339 3657 492 3734 ἐπαίνους
512 3659 568 3722 καὶ
588 3651 667 3734 τοὺς
693 3650 825 3750 ψόγους
850 3658 901 3724 ἐπὶ
929 3654 1055 3728 τούτων
1080 3661 1254 3750 γίνεσθαι.

243 3755 312 3828 Οὐκ
333 3755 401 3846 ἀρα
422 3757 462 3827 τὸ
484 3754 533 3853 ἐφ’
557 3753 636 3844 ἡμῖν
656 3760 809 3828 τοιοῦτον
835 3757 890 3840 ¹²).
966 3773 967 3778 ’
