<?xml version="1.0" encoding="UTF-8"?>
<!DOCTYPE html PUBLIC "-//W3C//DTD XHTML 1.0 Transitional//EN"
    "http://www.w3.org/TR/xhtml1/DTD/xhtml1-transitional.dtd">
<html xmlns="http://www.w3.org/1999/xhtml" xml:lang="en" lang="en">
 <head>
  <title>
</title>
<meta http-equiv="Content-Type" content="text/html;charset=utf-8" />
  <meta name='ocr-system' content='tesseract 3.04.00' />
  <meta name='ocr-capabilities' content='ocr_page ocr_carea ocr_par ocr_line ocrx_word'/>
</head>
<body>
  <div class='ocr_page' id='page_1' title='image "./alexandriaphrod00bardgoog_0358.png"; bbox 0 0 2774 4756; ppageno 0'>
   <div class='ocr_carea' id='block_1_1' title="bbox 328 1116 1163 1232">
    <p class='ocr_par' dir='ltr' id='par_1_1' title="bbox 328 1116 1163 1232">
     <span class='ocr_line' id='line_1_1' title="bbox 328 1116 1163 1232; baseline 0.001 -22"><span class='ocrx_word' id='word_1_1' title='bbox 328 1116 1163 1232; x_wconf 77' lang='lat' dir='ltr'><strong>raauctso1vsena1</strong></span> 
     </span>
    </p>
   </div>
   <div class='ocr_carea' id='block_1_2' title="bbox 445 1291 1120 1518">
    <p class='ocr_par' dir='ltr' id='par_1_2' title="bbox 445 1291 1120 1518">
     <span class='ocr_line' id='line_1_2' title="bbox 712 1291 1077 1352; baseline 0.011 -4"><span class='ocrx_word' id='word_1_2' title='bbox 712 1291 736 1350; x_wconf 79' lang='grc' dir='ltr'>Ε</span> <span class='ocrx_word' id='word_1_3' title='bbox 760 1293 785 1347; x_wconf 82' lang='grc' dir='ltr'>Τ</span> <span class='ocrx_word' id='word_1_4' title='bbox 1074 1347 1077 1352; x_wconf 89' lang='grc'>.</span> 
     </span>
     <span class='ocr_line' id='line_1_3' title="bbox 445 1417 1120 1518; baseline -0.001 -30"><span class='ocrx_word' id='word_1_5' title='bbox 445 1417 665 1518; x_wconf 79' lang='lat' dir='ltr'><strong>numurus</strong></span> <span class='ocrx_word' id='word_1_6' title='bbox 685 1419 1056 1492; x_wconf 77' lang='lat' dir='ltr'><strong>Aruorauouss</strong></span> <span class='ocrx_word' id='word_1_7' title='bbox 1118 1497 1120 1506; x_wconf 49' lang='grc'>,</span> 
     </span>
    </p>
   </div>
   <div class='ocr_carea' id='block_1_3' title="bbox 369 1577 1113 1642">
    <p class='ocr_par' dir='ltr' id='par_1_3' title="bbox 369 1577 1113 1642">
     <span class='ocr_line' id='line_1_4' title="bbox 369 1577 1113 1642; baseline -0.001 -4"><span class='ocrx_word' id='word_1_8' title='bbox 369 1577 431 1638; x_wconf 71' lang='lat' dir='ltr'><strong>iu</strong></span> <span class='ocrx_word' id='word_1_9' title='bbox 462 1578 728 1642; x_wconf 66' lang='lat' dir='ltr'><strong>triennum</strong></span> <span class='ocrx_word' id='word_1_10' title='bbox 758 1579 988 1642; x_wconf 75' lang='lat' dir='ltr'><strong>sauuusattts</strong></span> <span class='ocrx_word' id='word_1_11' title='bbox 1021 1583 1113 1640; x_wconf 70' lang='lat' dir='ltr'><strong>snut.</strong></span> 
     </span>
    </p>
   </div>
   <div class='ocr_carea' id='block_1_4' title="bbox 640 1766 861 1788">
    <p class='ocr_par' dir='ltr' id='par_1_4' title="bbox 640 1766 861 1788">
     <span class='ocr_line' id='line_1_5' title="bbox 640 1766 861 1788; baseline -0.005 -1"><span class='ocrx_word' id='word_1_12' title='bbox 640 1766 861 1788; x_wconf 70' lang='grc' dir='ltr'><strong>ιΙ--ιιιιιο-ιιιι-</strong></span> 
     </span>
    </p>
   </div>
   <div class='ocr_carea' id='block_1_5' title="bbox 252 1925 1305 4066">
    <p class='ocr_par' dir='ltr' id='par_1_5' title="bbox 274 1925 1305 2330">
     <span class='ocr_line' id='line_1_6' title="bbox 274 1925 1255 2012; baseline 0.002 -20"><span class='ocrx_word' id='word_1_13' title='bbox 274 1925 307 2010; x_wconf 79' lang='lat' dir='ltr'><strong>l)</strong></span> <span class='ocrx_word' id='word_1_14' title='bbox 337 1927 412 1996; x_wconf 86' lang='grc' dir='ltr'><strong>ΕΚ</strong></span> <span class='ocrx_word' id='word_1_15' title='bbox 435 1925 545 1997; x_wconf 82' lang='grc' dir='ltr'><strong>ΤΩΝ</strong></span> <span class='ocrx_word' id='word_1_16' title='bbox 562 1925 892 1998; x_wconf 81' lang='grc' dir='ltr'><em>ΒΑΡΛΙΣΑΝΟ</em></span> <span class='ocrx_word' id='word_1_17' title='bbox 906 1925 953 2012; x_wconf 81' lang='grc' dir='ltr'><strong>Υ]</strong></span> <span class='ocrx_word' id='word_1_18' title='bbox 989 1927 1084 1994; x_wconf 84' lang='lat' dir='ltr'><strong>Alter</strong></span> <span class='ocrx_word' id='word_1_19' title='bbox 1109 1951 1151 1994; x_wconf 82' lang='lat' dir='ltr'><strong>ex</strong></span> <span class='ocrx_word' id='word_1_20' title='bbox 1180 1928 1255 1994; x_wconf 86' lang='lat' dir='ltr'><strong>Ma·</strong></span> 
     </span>
     <span class='ocr_line' id='line_1_7' title="bbox 333 2027 1257 2122; baseline 0.004 -28"><span class='ocrx_word' id='word_1_21' title='bbox 333 2049 440 2095; x_wconf 88' lang='lat' dir='ltr'><strong>nuscr.</strong></span> <span class='ocrx_word' id='word_1_22' title='bbox 457 2027 680 2122; x_wconf 80' lang='grc' dir='ltr'><em>Βαρδησάνου</em></span> <span class='ocrx_word' id='word_1_23' title='bbox 701 2052 761 2114; x_wconf 87' lang='lat' dir='ltr'><strong>per</strong></span> <span class='ocrx_word' id='word_1_24' title='bbox 781 2057 820 2114; x_wconf 82' lang='grc' dir='ltr'><strong>η,</strong></span> <span class='ocrx_word' id='word_1_25' title='bbox 845 2052 926 2116; x_wconf 88' lang='lat' dir='ltr'><strong>quae</strong></span> <span class='ocrx_word' id='word_1_26' title='bbox 955 2031 1154 2098; x_wconf 87' lang='lat' dir='ltr'><strong>communior</strong></span> <span class='ocrx_word' id='word_1_27' title='bbox 1177 2034 1257 2098; x_wconf 81' lang='lat' dir='ltr'><strong>scri-</strong></span> 
     </span>
     <span class='ocr_line' id='line_1_8' title="bbox 330 2131 1258 2220; baseline 0.001 -22"><span class='ocrx_word' id='word_1_28' title='bbox 330 2137 430 2218; x_wconf 77' lang='lat' dir='ltr'><strong>&#39;p&#39;tura</strong></span> <span class='ocrx_word' id='word_1_29' title='bbox 454 2147 514 2199; x_wconf 84' lang='lat' dir='ltr'><strong>est.</strong></span> <span class='ocrx_word' id='word_1_30' title='bbox 559 2134 595 2198; x_wconf 88' lang='lat' dir='ltr'><strong>S.</strong></span> <span class='ocrx_word' id='word_1_31' title='bbox 611 2132 808 2219; x_wconf 84' lang='lat' dir='ltr'><strong>Epiphanius</strong></span> <span class='ocrx_word' id='word_1_32' title='bbox 828 2135 953 2200; x_wconf 85' lang='lat' dir='ltr'><strong>haeresi</strong></span> <span class='ocrx_word' id='word_1_33' title='bbox 974 2135 1015 2199; x_wconf 79' lang='lat'><strong>36</strong></span> <span class='ocrx_word' id='word_1_34' title='bbox 1038 2131 1106 2220; x_wconf 83' lang='lat' dir='ltr'><strong>(qui</strong></span> <span class='ocrx_word' id='word_1_35' title='bbox 1127 2137 1202 2200; x_wconf 86' lang='lat' dir='ltr'><strong>alias</strong></span> <span class='ocrx_word' id='word_1_36' title='bbox 1218 2137 1258 2202; x_wconf 81' lang='lat'><strong>56</strong></span> 
     </span>
     <span class='ocr_line' id='line_1_9' title="bbox 338 2233 1305 2330; baseline 0.002 -24"><span class='ocrx_word' id='word_1_37' title='bbox 338 2233 553 2328; x_wconf 78' lang='grc' dir='ltr'><em>Βαρὸισάνην</em></span> <span class='ocrx_word' id='word_1_38' title='bbox 571 2250 684 2328; x_wconf 84' lang='lat' dir='ltr'><strong>vocat,</strong></span> <span class='ocrx_word' id='word_1_39' title='bbox 709 2237 838 2324; x_wconf 85' lang='lat' dir='ltr'><strong>eiusque</strong></span> <span class='ocrx_word' id='word_1_40' title='bbox 851 2251 1024 2304; x_wconf 77' lang='lat' dir='ltr'><strong>sectatores</strong></span> <span class='ocrx_word' id='word_1_41' title='bbox 1039 2237 1259 2328; x_wconf 80' lang='grc' dir='ltr'><em>Βαρδισιανι·</em></span> <span class='ocrx_word' id='word_1_42' title='bbox 1292 2265 1305 2330; x_wconf 64' lang='lat'><strong>&#39;.</strong></span> 
     </span>
    </p>

    <p class='ocr_par' dir='ltr' id='par_1_6' title="bbox 252 2337 1258 2430">
     <span class='ocr_line' id='line_1_10' title="bbox 252 2337 1258 2430; baseline -0.002 -22"><span class='ocrx_word' id='word_1_43' title='bbox 252 2423 254 2430; x_wconf 19' lang='lat' dir='ltr'>y</span> <span class='ocrx_word' id='word_1_44' title='bbox 340 2337 444 2422; x_wconf 76' lang='grc' dir='ltr'>στάς.)</span> <span class='ocrx_word' id='word_1_45' title='bbox 499 2340 618 2406; x_wconf 86' lang='lat' dir='ltr'><strong>Notior</strong></span> <span class='ocrx_word' id='word_1_46' title='bbox 649 2341 676 2405; x_wconf 91' lang='lat' dir='ltr'><strong>is</strong></span> <span class='ocrx_word' id='word_1_47' title='bbox 713 2355 781 2418; x_wconf 89' lang='lat' dir='ltr'><strong>est,</strong></span> <span class='ocrx_word' id='word_1_48' title='bbox 816 2359 909 2427; x_wconf 84' lang='lat' dir='ltr'><strong>quam</strong></span> <span class='ocrx_word' id='word_1_49' title='bbox 940 2353 975 2406; x_wconf 89' lang='lat' dir='ltr'><strong>ut</strong></span> <span class='ocrx_word' id='word_1_50' title='bbox 1003 2343 1074 2407; x_wconf 84' lang='lat' dir='ltr'><strong>luce</strong></span> <span class='ocrx_word' id='word_1_51' title='bbox 1105 2342 1258 2430; x_wconf 82' lang='lat' dir='ltr'><strong>indigeat.</strong></span> 
     </span>
    </p>

    <p class='ocr_par' dir='ltr' id='par_1_7' title="bbox 285 2433 1263 2634">
     <span class='ocr_line' id='line_1_11' title="bbox 285 2433 1260 2532; baseline 0.001 -25"><span class='ocrx_word' id='word_1_52' title='bbox 285 2433 289 2440; x_wconf 41' lang='lat'><strong><em>¹</em></strong></span> <span class='ocrx_word' id='word_1_53' title='bbox 340 2437 566 2532; x_wconf 73' lang='lat' dir='ltr'><strong>Fragmentum</strong></span> <span class='ocrx_word' id='word_1_54' title='bbox 586 2444 639 2508; x_wconf 88' lang='lat' dir='ltr'><strong>hic</strong></span> <span class='ocrx_word' id='word_1_55' title='bbox 659 2441 756 2508; x_wconf 87' lang='lat' dir='ltr'><strong>habes</strong></span> <span class='ocrx_word' id='word_1_56' title='bbox 779 2440 1001 2530; x_wconf 80' lang='lat' dir='ltr'><strong>elegantissimi</strong></span> <span class='ocrx_word' id='word_1_57' title='bbox 1016 2456 1047 2508; x_wconf 87' lang='lat' dir='ltr'><strong>et</strong></span> <span class='ocrx_word' id='word_1_58' title='bbox 1062 2445 1260 2510; x_wconf 86' lang='lat' dir='ltr'><strong>accuratissi-</strong></span> 
     </span>
     <span class='ocr_line' id='line_1_12' title="bbox 341 2547 1263 2634; baseline 0.003 -23"><span class='ocrx_word' id='word_1_59' title='bbox 341 2548 384 2611; x_wconf 93' lang='lat' dir='ltr'><strong>mi</strong></span> <span class='ocrx_word' id='word_1_60' title='bbox 407 2547 531 2632; x_wconf 87' lang='lat' dir='ltr'><strong>operis,</strong></span> <span class='ocrx_word' id='word_1_61' title='bbox 556 2550 644 2632; x_wconf 88' lang='lat' dir='ltr'><strong>quod</strong></span> <span class='ocrx_word' id='word_1_62' title='bbox 664 2550 816 2611; x_wconf 81' lang='lat' dir='ltr'><strong>adversus</strong></span> <span class='ocrx_word' id='word_1_63' title='bbox 831 2547 1196 2634; x_wconf 27' lang='lat' dir='ltr'><strong>AbidamlAstrologum</strong></span> <span class='ocrx_word' id='word_1_64' title='bbox 1212 2548 1263 2614; x_wconf 83' lang='lat' dir='ltr'><strong>vir</strong></span> 
     </span>
    </p>

    <p class='ocr_par' dir='ltr' id='par_1_8' title="bbox 303 2638 1273 4066">
     <span class='ocr_line' id='line_1_13' title="bbox 303 2638 1262 2735; baseline 0.001 -22"><span class='ocrx_word' id='word_1_65' title='bbox 303 2653 305 2658; x_wconf 78' lang='grc'>’</span> <span class='ocrx_word' id='word_1_66' title='bbox 342 2638 472 2732; x_wconf 88' lang='lat' dir='ltr'><strong>Syriaca</strong></span> <span class='ocrx_word' id='word_1_67' title='bbox 506 2647 695 2734; x_wconf 78' lang='lat' dir='ltr'><strong>Graecaque</strong></span> <span class='ocrx_word' id='word_1_68' title='bbox 725 2651 832 2735; x_wconf 86' lang='lat' dir='ltr'><strong>lingua</strong></span> <span class='ocrx_word' id='word_1_69' title='bbox 861 2651 1087 2715; x_wconf 87' lang='lat' dir='ltr'><strong>eruditissimus</strong></span> <span class='ocrx_word' id='word_1_70' title='bbox 1115 2651 1262 2716; x_wconf 83' lang='lat' dir='ltr'><strong>elabora-</strong></span> 
     </span>
     <span class='ocr_line' id='line_1_14' title="bbox 342 2752 1264 2838; baseline -0.002 -20"><span class='ocrx_word' id='word_1_71' title='bbox 342 2753 406 2831; x_wconf 78' lang='lat' dir='ltr'><strong>vit,</strong></span> <span class='ocrx_word' id='word_1_72' title='bbox 440 2764 475 2815; x_wconf 91' lang='lat' dir='ltr'><strong>ut</strong></span> <span class='ocrx_word' id='word_1_73' title='bbox 497 2754 607 2817; x_wconf 83' lang='lat' dir='ltr'><strong>scribit</strong></span> <span class='ocrx_word' id='word_1_74' title='bbox 629 2752 839 2838; x_wconf 83' lang='lat' dir='ltr'><strong>Epiphanius.</strong></span> <span class='ocrx_word' id='word_1_75' title='bbox 889 2753 1025 2817; x_wconf 91' lang='lat' dir='ltr'><strong>Librum</strong></span> <span class='ocrx_word' id='word_1_76' title='bbox 1058 2753 1264 2838; x_wconf 83' lang='lat' dir='ltr'><strong>inscripserat</strong></span> 
     </span>
     <span class='ocr_line' id='line_1_15' title="bbox 344 2852 1262 2934; baseline -0.001 -15"><span class='ocrx_word' id='word_1_77' title='bbox 344 2856 528 2934; x_wconf 88' lang='lat' dir='ltr'><strong>Antonino,</strong></span> <span class='ocrx_word' id='word_1_78' title='bbox 552 2869 587 2920; x_wconf 90' lang='lat' dir='ltr'><strong>ut</strong></span> <span class='ocrx_word' id='word_1_79' title='bbox 609 2852 765 2920; x_wconf 85' lang='lat' dir='ltr'><strong>Eusebius</strong></span> <span class='ocrx_word' id='word_1_80' title='bbox 787 2855 914 2921; x_wconf 89' lang='lat' dir='ltr'><strong>Histor.</strong></span> <span class='ocrx_word' id='word_1_81' title='bbox 930 2857 1058 2920; x_wconf 86' lang='lat' dir='ltr'><strong>Eccles.</strong></span> <span class='ocrx_word' id='word_1_82' title='bbox 1081 2853 1181 2919; x_wconf 87' lang='lat' dir='ltr'><strong>Libr.</strong></span> <span class='ocrx_word' id='word_1_83' title='bbox 1195 2857 1262 2920; x_wconf 87' lang='lat' dir='ltr'><strong>IV.</strong></span> 
     </span>
     <span class='ocr_line' id='line_1_16' title="bbox 343 2957 1265 3042; baseline -0.002 -19"><span class='ocrx_word' id='word_1_84' title='bbox 343 2957 427 3042; x_wconf 88' lang='lat' dir='ltr'><strong>Cap.</strong></span> <span class='ocrx_word' id='word_1_85' title='bbox 458 2959 517 3022; x_wconf 90' lang='lat' dir='ltr'><strong>ult.</strong></span> <span class='ocrx_word' id='word_1_86' title='bbox 534 2971 660 3024; x_wconf 83' lang='lat' dir='ltr'><strong>auctor</strong></span> <span class='ocrx_word' id='word_1_87' title='bbox 691 2971 750 3023; x_wconf 88' lang='lat' dir='ltr'><strong>est.</strong></span> <span class='ocrx_word' id='word_1_88' title='bbox 807 2959 1003 3024; x_wconf 85' lang='lat' dir='ltr'><strong>Antoninum</strong></span> <span class='ocrx_word' id='word_1_89' title='bbox 1034 2978 1160 3042; x_wconf 88' lang='lat' dir='ltr'><strong>porro,</strong></span> <span class='ocrx_word' id='word_1_90' title='bbox 1198 2977 1265 3023; x_wconf 89' lang='lat' dir='ltr'><strong>non</strong></span> 
     </span>
     <span class='ocr_line' id='line_1_17' title="bbox 345 3061 1266 3146; baseline -0.003 -19"><span class='ocrx_word' id='word_1_91' title='bbox 345 3063 456 3139; x_wconf 91' lang='lat' dir='ltr'><strong>Pium,</strong></span> <span class='ocrx_word' id='word_1_92' title='bbox 480 3064 536 3125; x_wconf 85' lang='lat' dir='ltr'><strong>sed</strong></span> <span class='ocrx_word' id='word_1_93' title='bbox 550 3063 674 3124; x_wconf 88' lang='lat' dir='ltr'><strong>Verum</strong></span> <span class='ocrx_word' id='word_1_94' title='bbox 696 3061 855 3146; x_wconf 85' lang='lat' dir='ltr'><strong>intellige,</strong></span> <span class='ocrx_word' id='word_1_95' title='bbox 879 3073 915 3124; x_wconf 93' lang='lat' dir='ltr'><strong>ut</strong></span> <span class='ocrx_word' id='word_1_96' title='bbox 929 3061 1039 3125; x_wconf 83' lang='lat' dir='ltr'><strong>scribit</strong></span> <span class='ocrx_word' id='word_1_97' title='bbox 1054 3061 1266 3145; x_wconf 80' lang='lat' dir='ltr'><strong>Epiphanius.</strong></span> 
     </span>
     <span class='ocr_line' id='line_1_18' title="bbox 346 3161 1269 3246; baseline -0.001 -17"><span class='ocrx_word' id='word_1_98' title='bbox 346 3167 492 3229; x_wconf 87' lang='lat' dir='ltr'><strong>Eundem</strong></span> <span class='ocrx_word' id='word_1_99' title='bbox 514 3163 729 3244; x_wconf 86' lang='lat' dir='ltr'><strong>Hieronymus</strong></span> <span class='ocrx_word' id='word_1_100' title='bbox 749 3163 844 3227; x_wconf 92' lang='lat' dir='ltr'><strong>Libr.</strong></span> <span class='ocrx_word' id='word_1_101' title='bbox 867 3166 905 3227; x_wconf 90' lang='lat' dir='ltr'><strong>de</strong></span> <span class='ocrx_word' id='word_1_102' title='bbox 919 3164 1136 3246; x_wconf 82' lang='lat' dir='ltr'><strong>Scriptoribus</strong></span> <span class='ocrx_word' id='word_1_103' title='bbox 1152 3161 1269 3228; x_wconf 83' lang='lat' dir='ltr'><strong>Eccle-</strong></span> 
     </span>
     <span class='ocr_line' id='line_1_19' title="bbox 347 3265 1266 3347; baseline -0.003 -15"><span class='ocrx_word' id='word_1_104' title='bbox 347 3269 500 3347; x_wconf 86' lang='lat' dir='ltr'><strong>siasticis,</strong></span> <span class='ocrx_word' id='word_1_105' title='bbox 525 3267 585 3332; x_wconf 49' lang='lat' dir='ltr'><strong>¹vir</strong></span> <span class='ocrx_word' id='word_1_106' title='bbox 607 3267 762 3330; x_wconf 88' lang='lat' dir='ltr'><strong>masculae</strong></span> <span class='ocrx_word' id='word_1_107' title='bbox 785 3265 929 3331; x_wconf 86' lang='lat' dir='ltr'><strong>dictionis</strong></span> <span class='ocrx_word' id='word_1_108' title='bbox 950 3266 1045 3330; x_wconf 85' lang='lat' dir='ltr'><strong>iudex</strong></span> <span class='ocrx_word' id='word_1_109' title='bbox 1074 3266 1266 3344; x_wconf 85' lang='lat' dir='ltr'><strong>acerrimus,</strong></span> 
     </span>
     <span class='ocr_line' id='line_1_20' title="bbox 346 3364 1270 3454; baseline -0.004 -18"><span class='ocrx_word' id='word_1_110' title='bbox 346 3389 411 3436; x_wconf 89' lang='lat' dir='ltr'><strong>nou</strong></span> <span class='ocrx_word' id='word_1_111' title='bbox 431 3369 593 3454; x_wconf 86' lang='lat' dir='ltr'><strong>praedicat</strong></span> <span class='ocrx_word' id='word_1_112' title='bbox 615 3371 728 3446; x_wconf 88' lang='lat' dir='ltr'><strong>modo,</strong></span> <span class='ocrx_word' id='word_1_113' title='bbox 753 3369 924 3432; x_wconf 87' lang='lat' dir='ltr'><strong>sedetiam</strong></span> <span class='ocrx_word' id='word_1_114' title='bbox 945 3364 1089 3432; x_wconf 80' lang='lat' dir='ltr'><strong>miratur.</strong></span> <span class='ocrx_word' id='word_1_115' title='bbox 1127 3371 1174 3433; x_wconf 88' lang='lat' dir='ltr'><strong>At</strong></span> <span class='ocrx_word' id='word_1_116' title='bbox 1196 3392 1270 3432; x_wconf 91' lang='lat' dir='ltr'><strong>cum</strong></span> 
     </span>
     <span class='ocr_line' id='line_1_21' title="bbox 346 3471 1271 3556; baseline -0.006 -16"><span class='ocrx_word' id='word_1_117' title='bbox 346 3474 400 3540; x_wconf 88' lang='lat' dir='ltr'><strong>ille</strong></span> <span class='ocrx_word' id='word_1_118' title='bbox 423 3473 590 3537; x_wconf 89' lang='lat' dir='ltr'><strong>vehemens</strong></span> <span class='ocrx_word' id='word_1_119' title='bbox 614 3473 693 3536; x_wconf 89' lang='lat' dir='ltr'><strong>adeo</strong></span> <span class='ocrx_word' id='word_1_120' title='bbox 714 3471 811 3536; x_wconf 83' lang='lat' dir='ltr'><strong>fuerit</strong></span> <span class='ocrx_word' id='word_1_121' title='bbox 826 3471 898 3534; x_wconf 85' lang='lat' dir='ltr'><strong>Fati</strong></span> <span class='ocrx_word' id='word_1_122' title='bbox 913 3483 1134 3556; x_wconf 86' lang='lat' dir='ltr'><strong>oppugnator,</strong></span> <span class='ocrx_word' id='word_1_123' title='bbox 1160 3494 1271 3556; x_wconf 88' lang='lat' dir='ltr'><strong>quem·</strong></span> 
     </span>
     <span class='ocr_line' id='line_1_22' title="bbox 347 3572 1272 3658; baseline -0.004 -17"><span class='ocrx_word' id='word_1_124' title='bbox 347 3579 513 3641; x_wconf 83' lang='lat' dir='ltr'><strong>admodum</strong></span> <span class='ocrx_word' id='word_1_125' title='bbox 530 3577 612 3658; x_wconf 90' lang='lat' dir='ltr'><strong>apud</strong></span> <span class='ocrx_word' id='word_1_126' title='bbox 627 3576 667 3638; x_wconf 90' lang='lat' dir='ltr'><strong>B.</strong></span> <span class='ocrx_word' id='word_1_127' title='bbox 682 3572 897 3658; x_wconf 87' lang='lat' dir='ltr'><strong>Augustinum</strong></span> <span class='ocrx_word' id='word_1_128' title='bbox 912 3574 1037 3637; x_wconf 90' lang='lat' dir='ltr'><strong>haeresi</strong></span> <span class='ocrx_word' id='word_1_129' title='bbox 1051 3577 1091 3640; x_wconf 80' lang='lat'><strong>35</strong></span> <span class='ocrx_word' id='word_1_130' title='bbox 1107 3575 1272 3657; x_wconf 81' lang='lat' dir='ltr'><strong>irrepserit</strong></span> 
     </span>
     <span class='ocr_line' id='line_1_23' title="bbox 347 3675 1273 3755; baseline -0.003 -11"><span class='ocrx_word' id='word_1_131' title='bbox 347 3680 477 3755; x_wconf 90' lang='lat' dir='ltr'><strong>nescio,</strong></span> <span class='ocrx_word' id='word_1_132' title='bbox 515 3679 601 3742; x_wconf 89' lang='lat' dir='ltr'><strong>hunc</strong></span> <span class='ocrx_word' id='word_1_133' title='bbox 632 3679 671 3740; x_wconf 86' lang='lat' dir='ltr'><strong>ad</strong></span> <span class='ocrx_word' id='word_1_134' title='bbox 692 3675 853 3740; x_wconf 87' lang='lat' dir='ltr'><strong>Valentini</strong></span> <span class='ocrx_word' id='word_1_135' title='bbox 883 3694 1011 3741; x_wconf 86' lang='lat' dir='ltr'><strong>errores</strong></span> <span class='ocrx_word' id='word_1_136' title='bbox 1040 3677 1209 3742; x_wconf 69' lang='lat' dir='ltr'><strong>eddidissc</strong></span> <span class='ocrx_word' id='word_1_137' title='bbox 1230 3675 1273 3741; x_wconf 83' lang='lat' dir='ltr'><strong>de</strong></span> 
     </span>
     <span class='ocr_line' id='line_1_24' title="bbox 350 3777 1273 3861; baseline -0.01 -15"><span class='ocrx_word' id='word_1_138' title='bbox 350 3803 432 3861; x_wconf 85' lang='lat' dir='ltr'><strong>suo,</strong></span> <span class='ocrx_word' id='word_1_139' title='bbox 467 3790 505 3842; x_wconf 85' lang='lat' dir='ltr'><strong>ut</strong></span> <span class='ocrx_word' id='word_1_140' title='bbox 525 3781 612 3842; x_wconf 85' lang='lat' dir='ltr'><strong>Fato</strong></span> <span class='ocrx_word' id='word_1_141' title='bbox 641 3777 847 3842; x_wconf 80' lang='lat' dir='ltr'><strong>adscriberet</strong></span> <span class='ocrx_word' id='word_1_142' title='bbox 874 3777 1144 3842; x_wconf 80' lang='lat' dir='ltr'><strong>conversationes</strong></span> <span class='ocrx_word' id='word_1_143' title='bbox 1164 3778 1273 3838; x_wconf 79' lang='lat' dir='ltr'><strong>homi-</strong></span> 
     </span>
     <span class='ocr_line' id='line_1_25' title="bbox 354 3876 1270 3962; baseline -0.007 -19"><span class='ocrx_word' id='word_1_144' title='bbox 354 3901 446 3944; x_wconf 83' lang='lat' dir='ltr'><strong>uum.</strong></span> <span class='ocrx_word' id='word_1_145' title='bbox 474 3879 538 3942; x_wconf 87' lang='lat' dir='ltr'><strong>Sed</strong></span> <span class='ocrx_word' id='word_1_146' title='bbox 552 3877 645 3942; x_wconf 88' lang='lat' dir='ltr'><strong>Msti.</strong></span> <span class='ocrx_word' id='word_1_147' title='bbox 663 3877 758 3943; x_wconf 87' lang='lat' dir='ltr'><strong>Codd</strong></span> <span class='ocrx_word' id='word_1_148' title='bbox 779 3878 948 3942; x_wconf 74' lang='lat' dir='ltr'><strong>clausulam</strong></span> <span class='ocrx_word' id='word_1_149' title='bbox 964 3876 1054 3940; x_wconf 89' lang='lat' dir='ltr'><strong>istam</strong></span> <span class='ocrx_word' id='word_1_150' title='bbox 1070 3887 1270 3962; x_wconf 87' lang='lat' dir='ltr'><strong>expungunt.</strong></span> 
     </span>
     <span class='ocr_line' id='line_1_26' title="bbox 348 3976 1272 4066; baseline -0.005 -21"><span class='ocrx_word' id='word_1_151' title='bbox 348 3978 433 4045; x_wconf 83' lang='lat' dir='ltr'><strong>Huic</strong></span> <span class='ocrx_word' id='word_1_152' title='bbox 466 4003 567 4066; x_wconf 87' lang='lat' dir='ltr'><strong>porro</strong></span> <span class='ocrx_word' id='word_1_153' title='bbox 601 3980 787 4046; x_wconf 74' lang='lat' dir='ltr'><strong>bardesauis</strong></span> <span class='ocrx_word' id='word_1_154' title='bbox 824 3979 1025 4065; x_wconf 83' lang='lat' dir='ltr'><strong>disputationi</strong></span> <span class='ocrx_word' id='word_1_155' title='bbox 1059 3976 1183 4064; x_wconf 83' lang='lat' dir='ltr'><strong>gemina</strong></span> <span class='ocrx_word' id='word_1_156' title='bbox 1217 3977 1272 4043; x_wconf 84' lang='lat' dir='ltr'><strong>illa</strong></span> 
     </span>
    </p>
   </div>
   <div class='ocr_carea' id='block_1_6' title="bbox 0 0 1419 4756">
    <p class='ocr_par' dir='ltr' id='par_1_9' title="bbox 0 0 1419 4756">
     <span class='ocr_line' id='line_1_27' title="bbox 0 0 1419 4756; baseline 0 0"><span class='ocrx_word' id='word_1_157' title='bbox 0 0 1419 4756; x_wconf 95' lang='lat' dir='ltr'><strong> </strong></span> 
     </span>
    </p>
   </div>
  </div>
 </body>
</html>
