2728 4758
837 395 840 400 “
1039 380 1098 445 197

542 457 607 552 ,ς

3 553 4 604 f
101 561 203 615 tamen
229 549 439 615 omnimodam
464 559 570 616 rernm
592 552 731 618 omnium
757 551 848 636 ponit
869 542 1102 626 necessitatem‚‘

101 665 132 719 et
154 653 262 736 causis*
284 654 430 720 omnibus
457 655 549 720 simul
577 655 709 740 sumptis
730 646 794 720 non
815 653 922 739 potest
943 675 1008 718 non
1028 652 1098 716 fieri

3 821 4 848 ,
99 758 347 842 unumquodque
368 779 481 824 eorum
502 759 581 843 quae
603 759 694 823 fimnt.
738 755 826 824 Nsstil
847 756 928 824 enim
950 769 998 824 est
1012 757 1099 840 quod

3 853 4 876 ³
99 861 273 944 prohibere
294 861 396 944 possit
418 871 471 935 aut
492 845 615 926 obicere
636 859 744 927 ut'nes
765 859 963 938 dentaliter,
987 859 1014 923 si
1030 880 1099 923 om·

3 1769 4 1774 η
100 1686 244 1751 bebimus
267 1687 390 1764 eximii,
425 1711 495 1751 cum
516 1687 587 1770 ipsa
608 1687 759 1770 appetitio
782 1690 951 1772 secundum
972 1687 1025 1750 illa
1047 1707 1126 1748 an-·
1218 1683 1220 1688 ’

99 964 155 1027 nia-
172 963 259 1028 Fato
284 973 452 1044 tenentur,
487 977 621 1049 suntque
642 965 716 1030 talia
736 978 772 1030 ut
793 967 834 1029 ab
854 987 919 1029 uno
939 962 1113 1046 principioss
1166 1012 1174 1027 .

98 1065 268 1150 impulsum
286 1067 455 1151 accipiant.
499 1069 590 1133 Haec
610 1069 715 1153 itaque
737 1069 889 1132 sententia
910 1067 985 1132 nihil
1006 1065 1099 1131 nobis

99 1170 266 1254 relinquit,
285 1170 356 1252 ¹nisi
377 1171 456 1236 ferri
478 1193 543 1255 quo
564 1194 624 1237 nos
645 1173 774 1236 trahunt
794 1191 847 1236 res
868 1169 959 1234 aliae.
1017 1169 1099 1232 Nam

100 1271 168 1336 visa
189 1273 233 1336 ita
254 1287 355 1338 emmt·
367 1295 411 1337 ex
430 1266 717 1361 antegredieutibus
731 1273 849 1351 causis,
874 1295 915 1338 ex
927 1271 1003 1338 visis
1017 1291 1107 1364 vero*

100 1379 295 1460 appetituum
317 1379 486 1444 motiones.
546 1378 624 1442 Eius
647 1395 728 1443 vero·
750 1379 836 1463 quod
857 1388 985 1440 nostrae
1006 1385 1100 1456 pote·

100 1480 188 1544 statis
211 1502 279 1544 esse
302 1481 432 1558 dicitur,
462 1484 579 1546 nudum
600 1481 796 1567 relinquetur
816 1501 944 1545 nomen.
988 1479 1101 1560 Neque

101 1585 184 1647 enim
206 1587 294 1668 quod
315 1587 492 1666 appetendo
520 1607 703 1661 movemur,
741 1584 772 1647 in
795 1606 835 1648 eo
858 1583 1024 1668 quicquam
1045 1583 1103 1644 ha·

99 1787 273 1854 tecedentia
301 1787 369 1854 fiat.
415 1791 527 1875 Neque
549 1780 641 1854 aliter
661 1811 695 1856 se
716 1791 879 1854 habebunt
900 1811 953 1853 res
975 1801 1103 1854 nostrae

101 1910 196 1979 quam
224 1891 257 1958 in
286 1887 491 1958 animantibus
520 1896 632 1972 mutis,
671 1906 724 1958 aut
754 1895 786 1958 in
818 1893 1008 1970 infantibus,
1047 1874 1105 1977 qui

101 1996 202 2062 caecis
224 2007 394 2061 moventur
416 1997 626 2080 appetitibus,
673 1995 786 2061 aut'in
808 1995 986 2062 furentibus
1009 1995 1101 2060 etiam
1187 2078 1189 2084 y

102 2103 186 2180 (nam
209 2099 294 2164 ethi
315 2099 456 2184 appetitu
478 2100 688 2180 concitantur)
724 2099 805 2164 sicut
826 2112 858 2164 et
879 2099 961 2185 ignis
983 2098 1103 2181 impetu

101 2226 160 2267 suo
184 2215 215 2266 et
238 2202 297 2266 alia
319 2201 398 2287 quae
430 2213 607 2268 structurae
634 2225 709 2268 suae
736 2203 904 2268 servientia
932 2205 1105 2270 secundum

102 2329 168 2370 eam
198 2307 357 2370 feruntur.
412 2301 455 2370 Et
483 2309 548 2370 hoc
576 2308 683 2371 vident
711 2328 837 2383 omnes,
873 2327 975 2390 neque
1003 2307 1107 2369 deso

102 2409 261 2485 dubitant,
292 2411 349 2471 sed
369 2409 439 2472 talis
461 2395 611 2474 motionis
634 2411 708 2474 alias
731 2422 917 2494 quaerentes
940 2422 1048 2473 causas
1071 2409 1102 2473 in

100 2515 168 2598 ipsa
190 2512 303 2578 nolunt
324 2512 509 2576 consistere.
919 2556 936 2586 s

147 2627 152 2632 ·
551 2607 654 2682 VIII.

164 2715 256 2801 Qum
275 2715 376 2804 igitur
397 2739 491 2783 causa
511 2732 639 2802 praeter
659 2722 715 2784 has
732 2714 901 2788 adveniens
916 2721 992 2786 nihil
1006 2715 1102 2786 nelina

101 2835 176 2908 quet
199 2837 310 2886 causae
333 2843 449 2904 expers
472 2833 503 2886 et
525 2825 780 2906 consequentiam
809 2826 1013 2912 ordinemque
1035 2831 1102 2890 serss
1154 2813 1160 2824 ⁸

101 2927 205 3003 vabit,
231 2937 262 2988 et
283 2926 443 3021 permittet
463 2926 555 2990 nobis
579 2947 646 2988 esse
669 2928 756 3010 quod
771 2926 900 2990 sumus?
920 2911 1024 3012 neque
1038 2927 1101 2994 tol-

36 3065 41 3076 s
99 3029 143 3094 iet
154 3028 301 3128 vaticinia
316 3041 347 3093 et
357 3027 679 3114 praesignificationes
692 3027 791 3092 alias?
814 3029 961 3094 Animam
973 3040 1103 3113 oportet

100 3146 238 3198 statuere
261 3132 450 3214 principium
463 3153 532 3196 esse
548 3131 649 3208 aliud,
674 3133 834 3216 rebusque
856 3131 1015 3210 inserere,
1039 3156 1104 3198 non
1142 3143 1143 3147 ’

98 3235 184 3301 illam
208 3239 369 3298 dumtaxat
397 3234 555 3311 universi,
594 3229 649 3298 sed
676 3247 751 3317 post
779 3221 867 3298 hanc
893 3235 984 3298 etiam
1014 3256 1100 3313 enm,

101 3361 182 3424 quae
198 3351 245 3402 est
260 3336 476 3423 singulorum,
502 3359 643 3422 quaeque
658 3337 847 3422 principium
864 3357 929 3401 non
953 3339 1102 3424 exiguum

99 3455 148 3507 est
172 3445 284 3504 adres
307 3443 558 3517 connectendas,
589 3463 659 3504 cum
681 3463 763 3518 non,
794 3452 901 3505 utres
924 3441 1022 3517 aliae,
1063 3447 1103 3506 ex

3 3585 4 3588 =
97 3539 233 3616 ,ceminio
247 3555 404 3620 nascatur,
428 3545 485 3607 sed
498 3543 538 3606 sit
553 3566 571 3607 a
585 3564 677 3608 eausa
694 3544 807 3627 opifice
822 3545 922 3626 prima
943 3545 1100 3627 profecta.

3 4097 8 4160 i

100 3651 194 3712 Haec
216 3668 287 3711 eum
308 3659 400 3710 extra
421 3669 539 3728 corpus
562 3660 627 3722 est,
653 3647 777 3710 domina
800 3650 855 3711 est'
868 3647 916 3710 sui
938 3647 1056 3729 opificii
1072 3659 1113 3734 et⁸

100 3753 200 3816 libera
223 3764 253 3814 et
276 3761 365 3816 extra
388 3771 499 3817 causae
521 3734 698 3815 mundanae
716 3750 894 3834 imperium.
938 3751 1002 3816 Ubi
1025 3773 1103 3815 vero

100 3853 132 3918 in
156 3877 273 3936 eorpus
305 3853 404 3916 delata
434 3867 497 3929 est,
537 3875 600 3918 non
635 3853 762 3917 omnino
794 3854 854 3917 iam
886 3854 1035 3931 dominu,
1069 3867 1104 3916 ut
1146 3903 1151 3914 .

104 3959 271 4025 coniuncta
294 3979 364 4020 eum
388 3960 482 4022 rebus
506 3955 584 4021 aliis.
631 3957 791 4022 Fortunae
815 3977 893 4042 rere
916 3979 967 4022 res
987 3957 1102 4023 circum
