2758 4760
233 429 293 494 108

226 596 313 691 ἡμᾶς
344 598 394 670 ἀεὶ
425 595 657 692 περιστήσεται
686 599 792 667 ταῦτα
820 597 860 670 δι’
874 595 912 668 ’ἁ
942 595 1171 694 πράσσομεν.
1193 599 1257 688 ού,

228 701 292 796 γὰρ
314 701 372 772 τόν
390 699 535 782 ἁπωςοῦν
552 698 840 795 χαριένποιοῦντα
856 707 1051 796 κατορθοῦν
1067 730 1116 784 τις
1139 705 1236 792 λέγει,

227 803 296 876 ἁλλ’
326 801 397 875 οὐδ’
432 802 632 897 ἁμαρτάνειν
657 802 715 873 τόν
748 801 894 885 ῦπωςοῦυ
916 804 1048 900 φαῦλόν
1076 834 1110 875 τι
1129 804 1262 902 πράτ-Ι

226 933 345 990 τοντα,
377 903 448 977 ἁλλ’
477 905 623 988 όπωςοῦν
644 912 678 977 ἐν
695 909 827 1003 ἐξουσία
848 915 898 987 τὶς
920 905 963 978 ών
982 913 1047 978 τών
1068 907 1237 1016 χειρόνων,

229 1010 372 1106 ἁιρεῐται
389 1016 446 1078 καὶ
465 1007 607 1103 πράσσει
625 1007 669 1079 τὰ
684 1008 861 1098 βελτίω)
883 1013 1001 1080 τοῦτον
1021 1017 1155 1131 λέγομεν
1177 1040 1237 1081 κα
1319 1018 1322 1023 ’

231 1119 391 1208 τορθοῦν.
439 1112 505 1183 Τὸν
528 1117 607 1234 γοῦν
631 1112 674 1182 τὰ
693 1111 779 1183 ἁυτὰ
802 1117 910 1182 ταῦτα
931 1111 998 1183 άπὸ
1024 1113 1122 1208 τύχης
1141 1112 1239 1199 ποιὴ

230 1244 337 1288 σαντα
360 1215 468 1286 οῦκέτι
466 1199 623 1338 λέγομεν
643 1214 914 1311 κατορθοῦν,“
892 1247 936 1298 ως
961 1221 1022 1287 τοῦ
1042 1221 1239 1340 κατορθοῦν

229 1320 288 1406 τὴν
309 1345 418 1414 κρισιν
440 1316 500 1388 οὐκ
521 1317 588 1388 άπὸ
610 1323 674 1390 τών
700 1325 934 1442 πραττομένων
961 1321 1092 1412 ἔχοντος
1118 1317 1238 1412 μόνον,
1293 1399 1295 1404 ,

228 1421 316 1496 ἁλλά
346 1420 430 1494 πολύ
459 1419 619 1515 πρότερον
647 1420 713 1491 άπὸ
742 1426 800 1506 τῆς
828 1421 918 1506 έξεώς
940 1449 974 1492 τε
995 1433 1051 1493 καὶ
1073 1421 1240 1513 δυνάμεως

228 1525 286 1622 ἀφ’
310 1515 351 1610 ἦς
371 1521 565 1650 πράσσεται.
594 1523 704 1593 Kat‘
687 1551 705 1592 ο
728 1523 830 1605 άυτός
851 1523 988 1615 λόγος
972 1535 1023 1596 επὶ
1044 1552 1109 1596 των
1129 1524 1239 1619 ἁμαρ-

229 1625 391 1718 τερμάτων.
440 1618 512 1754 ῑΟις
540 1624 622 1695 δὲᾸ
603 1657 624 1712 ιγ
658 1629 788 1710 ἐξουσια
808 1630 846 1716 7)
875 1633 934 1698 τοῦ
966 1627 1120 1729 πράττειν
1152 1627 1240 1700 ῦλλὰ

229 1760 305 1806 τινα
326 1757 394 1824 παρ
426 1725 449 1797 ἁ
470 1728 673 1822 πράττουσιν
694 1729 759 1800 ῦπό
781 1735 845 1802 τών
865 1730 1087 1827 περιεστώτων
1109 1731 1240 1830 ἁφηρη-

233 1865 300 1919 ται,
323 1830 449 1904 οῦδὲν
429 1840 542 1914 αυτοῖς
554 1837 765 1904 συντελοῦσιν
776 1837 791 1885 7
803 1840 868 1920 a)
852 1865 897 1918 εις
907 1835 1002 1905 τὸτὰ
1012 1835 1241 1928 άυτοιςπεριε-

231 1943 351 2011 στὰναι
373 1935 412 2006 δι’
436 1933 460 2004 ἁ
480 1935 700 2030 πράττουσιν,
736 1943 805 2019 πώς
836 1937 878 2009 ἂν
905 1940 953 2008 ἔτι
981 1935 1118 2020 τούτους
1146 1939 1239 2024 τὶςῇ

230 2039 449 2136 ἁμαρτάνειν,
471 2038 493 2123 ἢ
514 2045 709 2134 κατορθοῦν
730 2047 839 2130 λέγοις
862 2039 937 2112 ὀύτε
958 2041 1024 2137 γάρ
1045 2044 1104 2127 τῆς
1125 2041 1247 2146 τοιαύ-ἱ

232 2172 290 2231 της
311 2148 419 2230 ἕξεως,
441 2141 498 2236 ἄρ’
522 2137 581 2228 ἧς,
603 2147 702 2213 τῶνδε
723 2149 819 2215 τινών
839 2143 1070 2239 περιεστώτων,
1098 2154 1171 2239 περὶ
1200 2144 1239 2216 τὸ

230 2250 307 2322 τάδε
329 2248 403 2319 τινά
425 2246 581 2341 πράττειν
603 2245 688 2339 ὁρμὴ
717 2249 745 2330 8)
774 2251 918 2337 γίνεται,
954 2246 1055 2330 ἁυτός
1088 2254 1176 2320 ἐστιν
1205 2255 1240 2320 ἐν

233 2356 380 2446 ἐξουσία,
403 2348 478 2420 όύτε
500 2351 559 2419 τοῦ
591 2349 634 2418 τά
654 2354 853 2441 περιεστῶτα
875 2356 1014 2422 τοιαῦτα
1036 2357 1129 2423 ε’ῐναι.
1176 2352 1241 2424 Δι’ῦι

229 2460 329 2528 τοῦτο
351 2453 417 2576 γάρ
437 2456 501 2522 τῶν
522 2451 652 2541 ἀλόγων
672 2449 760 2576 ζώων
785 2452 882 2524 οὐδὲν
903 2454 1028 2526 τούτων
1048 2463 1240 2550 κατηγορεῖ-Ι

230 2589 298 2631 ται.
336 2554 516 2647 Ἀγόμενος
537 2559 611 2625 δὲ’
595 2564 646 2626 επὶ
667 2556 706 2625 τὸ
726 2555 883 2647 πράττειν
909 2555 975 2628 ὑπό
1003 2587 1037 2628 τε
1064 2562 1155 2643 ἕξεως
1182 2568 1239 2633 καλ

230 2658 453 2786 περιστάσεων
487 2685 601 2743 τινων,
646 2659 785 2751 μηδενός
815 2658 928 2756 κύριος
963 2659 1064 2743 ἁοτός
1098 2666 1159 2731 τοῦ
1193 2671 1240 2752 μὴ

229 2769 347 2836 τοῦτον
382 2766 465 2853 ἔχειν
496 2760 555 2832 τὸν
585 2760 725 2856 τρόπον,
750 2760 887 2834 οῦό”’
865 2791 906 2834 αν
938 2762 1138 2857 ἁμαρτάνειν
1173 2767 1240 2848 ἔτι,

229 2869 250 2953 ἢ
286 2869 482 2960 κατορθοῦν
517 2869 568 2938 επὶ
603 2873 673 2947 τοῖς
713 2864 798 2936 όύτω
829 2873 1068 2962 πραττομένοις
1101 2874 1240 2958 λέγοιτο.

223 2971 314 3044 Ἐπεὶ
336 2975 371 3039 δὲ
394 2967 426 3038 όί
447 2995 482 3039 τε
504 2970 710 3065 ἕπαινοικαὶ
731 2967 855 3066 ιμόγοι,
887 2968 1037 3051 κολάσεις
1058 2997 1092 3040 τε
1113 2979 1169 3041 καὶ
1191 3001 1240 3042 τι-

228 3083 291 3167 μαὶ
312 3078 363 3143 ἐπὶ
384 3077 454 3154 τοῖς
483 3070 700 3167 ἁμαρτώμασί
728 3100 762 3143 τε
795 3081 850 3142 καὶ
878 3070 1158 3170 κατορθώμασιν,
1196 3074 1240 3156 ὡς

229 3185 287 3252 καὶ
307 3175 404 3248 άντολ
426 3180 593 3265 λέγουσιν,
626 3179 726 3260 δῆλον
754 3173 797 3257 ὡς
825 3173 1069 3270 ἀναιρουμένων
1097 3174 1239 3256 τούτων,

229 3278 388 3376 ἁναιροῖύ
413 3277 454 3350 ἁν
474 3277 629 3372 κᾷκείνων
650 3284 803 3352 ἕκαστον·
825 3276 864 3349 τό
885 3280 950 3375 γὰρ
972 3283 1166 3374 άατορθοῦν
1187 3287 1240 3352 ἐπὶ

231 3389 294 3455 τών
317 3387 408 3454 θεῶν
429 3381 468 3454 ού
490 3386 609 3476 κυρίως
630 3381 671 3455 ἁν
692 3388 840 3471 λέγοιτο,
877 3381 946 3452 ἁλλ’
971 3379 1014 3463 ώς
1035 3387 1109 3452 ἴσον
1129 3388 1175 3480 τῷ
1196 3384 1240 3454 τὰ

230 3486 356 3577 ἁγὰθὰ
383 3493 498 3557 ποιεῖν.
535 3484 585 3556 Ἔτ’
605 3513 642 3574 γε
664 3489 697 3555 ἐν
718 3482 768 3566 όῐς
798 3493 859 3576 μὲν
889 3485 929 3554 τὸ
957 3491 1168 3575 κατορθοῦν,
1205 3491 1239 3558 ἐν

230 3589 361 3672 τούτοις
382 3588 498 3660 καὶτὸ
520 3585 736 3682 ἁμαρτάνειν,
759 3586 965 3661 ἁνεπίδεκτον
986 3593 1022 3656 δὲ
1044 3590 1107 3658 τών
1128 3587 1238 3684 ἁμαρ-

230 3692 383 3784 τημάτων
404 3699 434 3778 9)
463 3689 501 3760 τό
523 3698 638 3773 θεῖον,
674 3691 731 3761 διὰ
748 3695 849 3762 τοῦτο
872 3689 948 3760 οῦδὲ
969 3696 1014 3774 ¹⁰)
1042 3694 1238 3783 ἐπαινοῦμεν

227 3797 305 3880 τοῦς
326 3796 447 3881 θεούς,
468 3800 528 3865 τοῦ
549 3786 602 3865 ῦτι
623 3799 788 3889 κρείττους
809 3797 892 3863 εἰσιν
913 3793 982 3864 κατ’
1006 3797 1158 3878 ἐπαὰεους
1179 3806 1236 3869 καὶ

229 3903 273 3974 τὰ
293 3899 342 4000 ἐφ’
367 3897 418 3985 όῐς
440 3905 472 3971 οἱ
493 3900 637 3984 ἔπαινον,
658 3894 922 3995 κατορθώματα.
