2758 4760
259 490 320 558 160

253 665 289 730 δὲ
275 657 343 730 ὲτὸ
359 634 545 751 θεώρημά
538 663 594 726 καὶ
605 651 655 724 ἐπὶ
669 677 728 737 την
737 678 868 747 πρωτην
879 651 1112 775 φιλοσοφίανΙΙ
1121 653 1176 734 a)
1160 673 1298 759 ευρη

253 789 331 844 σεις.
373 757 513 845 Ζητὴοει
533 758 597 852 γάρ
619 765 675 826 καὶ
692 753 908 846 ὁθεόλογος,
929 753 1016 824 κατά
1036 757 1110 823 τίνα
1130 741 1298 847 τρόπον

249 862 314 934 ὑπὸ
329 866 386 948 τῆς
396 864 552 994 προνοίας
571 857 885 987 διακυχίερνάται
849 886 891 928 τα
909 862 942 927 έν
959 860 1006 953 τῷ
1023 854 1134 950 κόσμῳ
1151 853 1259 982 πράγ-

248 993 359 1059 ματα,
380 974 436 1035 καὶ
455 968 516 1035 έίτε
534 961 642 1034 πάντα
664 959 848 1054 ὡρισμένως
865 967 920 1031 καὶ
942 957 1015 1043 65³
996 956 1140 1048 ανάγκης
1153 965 1259 1080 γίγνε

248 1098 306 1139 ται
327 1067 370 1137 τά
388 1065 585 1158 γιγνόμενα,
609 1063 776 1195 καθάπερ
797 1062 841 1132 τά
865 1067 916 1134 ἐπὶ
938 1066 1002 1133 τῶν
1019 1060 1166 1132 ἀϊδίων
1150 1059 1259 1156 υπάρ-

246 1193 367 1298 χοντα,
402 1169 425 1256 6'
451 1175 522 1240 ἐστι
549 1168 624 1240 τινά
648 1177 702 1238 καί
729 1172 781 1237 ἐπὶ
809 1171 1020 1258 ἐνδεχομένων
1047 1168 1259 1255 ἐκβαίνοντα,

249 1268 293 1345 ὧν
309 1273 369 1359 τὴν
389 1277 515 1363 γένεσιν
534 1277 586 1341 έπὶ
606 1269 743 1366 μερικάς
762 1269 916 1355 δηλονότι
933 1278 990 1340 καί
1011 1269 1129 1339 ἀλλοῖα
1149 1266 1259 1349 άλλως

248 1374 427 1468 έχοιίσας’
407 1379 516 1456 αιτίας
537 1373 670 1464 ἀνάγειν
692 1370 828 1463 ἀνάγκη.

311 1485 382 1550 Καὶ
410 1476 485 1548 οῦδὲ
471 1478 591 1558 ἑτοῦς
622 1474 707 1547 πάνυ
738 1475 908 1574 ἰδιωτικῶς
938 1479 1162 1566 διακειμένους
1193 1477 1259 1544 τῶν

249 1580 480 1677 66666666‘
464 1579 610 1675 ευρὴοεις
637 1579 840 1670 ἀμελοῦντας
865 1582 925 1664 τῆς
952 1587 1026 1703 περὶ
1054 1577 1174 1648 τοῦτου
1197 1581 1260 1648 τοῦ

204 1773 209 1784 ¹
249 1682 470 1809 θεωρήματος
499 1686 640 1767 ἑννοίας,
683 1681 771 1754 ἀλλά
796 1681 874 1764 τοῦς
901 1692 962 1773 μέν
992 1681 1035 1764 ὡς
1066 1679 1198 1752 πάντων
1227 1683 1262 1766 ἐξ

248 1785 392 1876 ἀνάγκης
418 1792 617 1914 γιγνομένων
635 1785 704 1868 τάς
721 1785 835 1867 ἀιτίας
860 1777 904 1856 66
929 1783 1179 1916 ἁμαρτάνουσιν
1207 1789 1260 1855 66

247 1889 308 1974 τὴν
326 1894 520 1983 έιμαρμένην
540 1888 575 1975 6
583 1887 642 1973 τὴν
662 1887 840 2016 πρόνοιαν,
862 1886 922 1973 τήν
942 1917 977 1958 τε
998 1895 1102 1958 θείαν
1123 1895 1180 1958 καὶ
1198 1887 1260 1972 τὴν

246 1991 467 2084 δαιμονίαν
446 1998 625 2115 ιγναιγέρειν
649 1998 887 2084 πειρωμένους,
914 1988 1121 2086 666666‘
1103 2019 1123 2062 ο
1156 1989 1259 2062 ἀπαι-

247 2093 366 2239 δεῦτως
386 2122 454 2188 παρ
481 2091 619 2189 ‘06666
641 2100 742 2185 λέγων

321 2229 560 2252 00000
593 2197 713 2280 Ἐγὼδ
736 2198 794 2259 οῦκ
812 2198 946 2268 ἀίτιός’
928 2213 1023 2280 ειμι
1009 2205 1038 2272 2)

320 2299 409 2363 Ἀλλά
427 2297 498 2367 Ζεὺς
517 2297 572 2360 καί
590 2301 697 2383 Μοῖρα
713 2299 802 2362 666¹
787 2301 963 2386 ηεροφοίτις
976 2301 1122 2386 Ἐριννάς.

249 2403 326 2485 τοῦς
344 2409 397 2489 66,
420 2401 462 2483 ἀς
481 2400 583 2473 ὄντων
600 2405 696 2472 τινῶν
713 2412 770 2473 καὶ
793 2403 843 2501 ἐφ’
863 2401 960 2495 ἡμῖν,
982 2401 1257 2496 ἀπομαχομένους

246 2517 307 2600 μὲν
329 2515 399 2588 τοῖς
419 2503 528 2576 πάντα
550 2502 809 2594 ἀναγκάζουσιν,
842 2505 1016 2592 ἀξιοῦντας
1040 2512 1074 2577 δὲ
1099 2506 1189 2598 ἡμᾶς
1213 2506 1257 2588 ὡς

247 2607 481 2692 ἀυτοκινήτους
521 2611 673 2692 παιδείας
722 2637 757 2682 τε
799 2617 856 2681 καὶ
903 2607 1021 2704 ἀρετῆς
1068 2614 1256 2701 ἐπιμέλειαν

249 2719 434 2784 ποιεῖσθαι.

314 2917 533 3006 Τοσαῦτην’
517 2925 575 2992 οῦν
606 2920 788 3014 δύναμιν
776 2949 918 3049 εχοντος
939 2925 999 2994 τοῦ
1029 2919 1256 3019 θεωρήματος
1303 3005 1316 3030 0

247 3022 330 3146 πρὸς
351 3021 460 3094 πάντα
484 3023 575 3116 ιγμιῦν
596 3025 654 3096 τὸν
680 3027 800 3117 606³
780 3035 979 3150 αναγκμῐου,
1014 3025 1159 3119 ἡγοῦμαι
1192 3031 1257 3097 τῶν

246 3125 355 3199 πάντα
372 3125 565 3218 ἀναγκάζειν
586 3133 613 3213 ¹)
634 3136 839 3226 πειρωμένων
856 3127 962 3221 λόγων
981 3131 1059 3212 τούς
1074 3134 1257 3212 δοκοῦντας

246 3237 397 3325 παρέχειν
417 3232 491 3302 τινά
509 3239 578 3313 τοῖς
591 3231 770 3304 ἀκούουσιν
790 3232 934 3328 ἀπορίαν
953 3227 1126 3305 έκθέσθαί
1143 3263 1179 3304 τε
1200 3243 1258 3304 καί

246 3338 419 3404 διαλῦσαι
441 3332 501 3415 δύο
520 3341 555 3405 δὲ
576 3334 701 3406 τούτων
723 3336 844 3420 ὄντων,
866 3341 926 3407 τοῦ
945 3348 1005 3426 μὲν
1025 3344 1255 3432 λογικωτέρου,

246 3465 304 3507 του
290 3441 362 3506 66
348 3438 807 3568 ὲπραγματειωδεοτέρου,“
790 3450 887 3566 ομὲν
909 3439 1129 3564 λογικώτερως
1150 3439 1257 3564 προοί·

244 3567 338 3630 γεται
356 3537 399 3622 ὡς
424 3544 475 3610 έπί
495 3545 585 3661 ’τινμς
608 3538 699 3632 ἡμῶν
724 3547 900 3638 ἐνεργείας,
934 3542 1005 3614 ὁῖου
1026 3548 1085 3628 τῆς
1106 3543 1192 3613 κατά
1216 3545 1257 3613 τὸ

245 3646 389 3735 θερίζειν
417 3643 475 3712 τὸν
494 3641 618 3736 τρόπον
641 3648 768 3718 τοῦτον.
821 3644 872 3716 'Ec
866 3653 1041 3770 ι’ίεριεῖς,
1077 3654 1181 3740 φησὶν
1202 3650 1257 3730 2),

245 3744 316 3836 οῦχὶ
334 3743 420 3836 τάχα
433 3754 493 3835 μὲν
515 3752 657 3874 θεριεῖς,
678 3744 764 3839 τάχα
781 3754 817 3819 δέ
840 3747 878 3820 66
900 3756 1046 3844 θεριεῖς,
1069 3748 1157 3818 6666
1171 3746 1256 3819 πάν-

245 3877 309 3930 τως
326 3855 470 3941 θεριεῖς,
492 3855 546 3916 καί
565 3853 594 3918 έι
609 3848 655 3939 μέγ
676 3857 820 3946 θεριεῐς,
843 3852 915 3974 οῦχί
935 3851 1019 3980 τάχα
1034 3862 1093 3942 μέν
1112 3857 1255 3975 θεριεῖς,

230 3945 333 4040 ,ἀλλὰ
352 3948 482 4031 πάντως
504 3947 543 4020 οῦ
566 3957 708 4045 θεριεῖς·
741 3953 827 4024 ἀλλά
846 3955 913 4045 μὴν
938 3957 971 4040 ἐξ
990 3981 1136 4043 αναγκης
1154 3984 1175 4038 6
1201 3981 1255 4023 τοι

246 4051 439 4148 θεριεῐς,’
418 4083 438 4136 η
456 4080 495 4123 ον
517 4061 654 4147 δεριεις
691 4053 918 4153 'A6666666''
895 4085 963 4151 αρα
983 4056 1022 4128 τὸ
1040 4055 1142 4147 τάχα,
1165 4061 1253 4148 έίπερ
