<?xml version="1.0" encoding="UTF-8"?>
<!DOCTYPE html PUBLIC "-//W3C//DTD XHTML 1.0 Transitional//EN"
    "http://www.w3.org/TR/xhtml1/DTD/xhtml1-transitional.dtd">
<html xmlns="http://www.w3.org/1999/xhtml" xml:lang="en" lang="en">
 <head>
  <title>
</title>
<meta http-equiv="Content-Type" content="text/html;charset=utf-8" />
  <meta name='ocr-system' content='tesseract 3.04.00' />
  <meta name='ocr-capabilities' content='ocr_page ocr_carea ocr_par ocr_line ocrx_word'/>
</head>
<body>
  <div class='ocr_page' id='page_1' title='image "./alexandriaphrod00bardgoog_0268.png"; bbox 0 0 2728 4758; ppageno 0'>
   <div class='ocr_carea' id='block_1_1' title="bbox 557 751 929 844">
    <p class='ocr_par' dir='ltr' id='par_1_1' title="bbox 557 751 929 844">
     <span class='ocr_line' id='line_1_1' title="bbox 557 751 929 844; baseline 0.011 -28"><span class='ocrx_word' id='word_1_1' title='bbox 557 751 710 821; x_wconf 87' lang='lat' dir='ltr'><strong>Summa</strong></span> <span class='ocrx_word' id='word_1_2' title='bbox 743 751 929 844; x_wconf 73' lang='lat' dir='ltr'><strong>Cupitum</strong></span> 
     </span>
    </p>
   </div>
   <div class='ocr_carea' id='block_1_2' title="bbox 287 832 1073 973">
    <p class='ocr_par' dir='ltr' id='par_1_2' title="bbox 287 832 1073 973">
     <span class='ocr_line' id='line_1_2' title="bbox 287 832 1073 973; baseline 0.01 -8"><span class='ocrx_word' id='word_1_3' title='bbox 287 832 289 838; x_wconf 35' lang='lat'>⁵</span> <span class='ocrx_word' id='word_1_4' title='bbox 403 854 1073 973; x_wconf 61' lang='lat' dir='ltr'><strong>morimur-duro</strong></span> 
     </span>
    </p>
   </div>
   <div class='ocr_carea' id='block_1_3' title="bbox 356 1039 1191 1160">
    <p class='ocr_par' dir='ltr' id='par_1_3' title="bbox 356 1039 1191 1160">
     <span class='ocr_line' id='line_1_3' title="bbox 356 1039 1191 1160; baseline -0.004 -25"><span class='ocrx_word' id='word_1_5' title='bbox 356 1076 436 1157; x_wconf 49' lang='lat' dir='ltr'><strong>effi</strong></span> <span class='ocrx_word' id='word_1_6' title='bbox 464 1080 589 1135; x_wconf 78' lang='lat' dir='ltr'><em>editione</em></span> <span class='ocrx_word' id='word_1_7' title='bbox 606 1083 746 1145; x_wconf 21' lang='lat' dir='ltr'><strong>,Marsus</strong></span> <span class='ocrx_word' id='word_1_8' title='bbox 770 1085 862 1138; x_wconf 71' lang='lat' dir='ltr'><strong>Fictm</strong></span> <span class='ocrx_word' id='word_1_9' title='bbox 889 1039 981 1160; x_wconf 56' lang='lat' dir='ltr'><strong>dasii.</strong></span> <span class='ocrx_word' id='word_1_10' title='bbox 1009 1085 1113 1154; x_wconf 79' lang='lat'><strong>1580.)</strong></span> <span class='ocrx_word' id='word_1_11' title='bbox 1189 1117 1191 1122; x_wconf 64' lang='lat'><em>.</em></span> 
     </span>
    </p>
   </div>
   <div class='ocr_carea' id='block_1_4' title="bbox 190 1389 1239 2086">
    <p class='ocr_par' dir='ltr' id='par_1_4' title="bbox 239 1389 1239 1592">
     <span class='ocr_line' id='line_1_4' title="bbox 239 1389 1238 1481; baseline 0.002 -17"><span class='ocrx_word' id='word_1_12' title='bbox 239 1401 271 1464; x_wconf 86' lang='grc' dir='ltr'><strong>Ι.</strong></span> <span class='ocrx_word' id='word_1_13' title='bbox 312 1397 389 1464; x_wconf 89' lang='lat' dir='ltr'><strong>Alia</strong></span> <span class='ocrx_word' id='word_1_14' title='bbox 408 1409 503 1476; x_wconf 86' lang='lat' dir='ltr'><strong>sunt,</strong></span> <span class='ocrx_word' id='word_1_15' title='bbox 542 1397 602 1464; x_wconf 87' lang='lat' dir='ltr'><strong>alia</strong></span> <span class='ocrx_word' id='word_1_16' title='bbox 629 1395 721 1474; x_wconf 83' lang='lat' dir='ltr'><strong>fiunt.</strong></span> <span class='ocrx_word' id='word_1_17' title='bbox 776 1399 866 1481; x_wconf 88' lang='lat' dir='ltr'><strong>Quae</strong></span> <span class='ocrx_word' id='word_1_18' title='bbox 886 1389 1005 1464; x_wconf 66' lang='lat' dir='ltr'><strong>fiunt&#39;a</strong></span> <span class='ocrx_word' id='word_1_19' title='bbox 1026 1422 1120 1466; x_wconf 88' lang='lat' dir='ltr'><strong>causa</strong></span> <span class='ocrx_word' id='word_1_20' title='bbox 1140 1399 1238 1466; x_wconf 84' lang='lat' dir='ltr'><strong>fiunt:</strong></span> 
     </span>
     <span class='ocr_line' id='line_1_5' title="bbox 324 1501 1239 1592; baseline 0.005 -27"><span class='ocrx_word' id='word_1_21' title='bbox 324 1523 361 1566; x_wconf 88' lang='lat' dir='ltr'><strong>ac</strong></span> <span class='ocrx_word' id='word_1_22' title='bbox 380 1514 508 1586; x_wconf 87' lang='lat' dir='ltr'><strong>practer</strong></span> <span class='ocrx_word' id='word_1_23' title='bbox 530 1501 856 1592; x_wconf 85' lang='lat' dir='ltr'><strong>causaspropinquas</strong></span> <span class='ocrx_word' id='word_1_24' title='bbox 877 1505 1174 1588; x_wconf 80' lang='lat' dir='ltr'><strong>saeperemotiores</strong></span> <span class='ocrx_word' id='word_1_25' title='bbox 1186 1505 1239 1584; x_wconf 64' lang='lat' dir='ltr'><strong>⁸in·</strong></span> 
     </span>
    </p>

    <p class='ocr_par' dir='ltr' id='par_1_5' title="bbox 238 1605 1026 1690">
     <span class='ocr_line' id='line_1_6' title="bbox 238 1605 1026 1690; baseline 0.003 -22"><span class='ocrx_word' id='word_1_26' title='bbox 238 1631 241 1636; x_wconf 93' lang='lat'>·</span> <span class='ocrx_word' id='word_1_27' title='bbox 323 1605 481 1690; x_wconf 84' lang='lat' dir='ltr'><strong>vestigare</strong></span> <span class='ocrx_word' id='word_1_28' title='bbox 506 1605 736 1688; x_wconf 80' lang='lat' dir='ltr'><strong>compeliimur.</strong></span> <span class='ocrx_word' id='word_1_29' title='bbox 927 1683 929 1688; x_wconf 23' lang='grc' dir='ltr'>Ι</span> <span class='ocrx_word' id='word_1_30' title='bbox 1023 1675 1026 1682; x_wconf 66' lang='grc'><em>,</em></span> 
     </span>
    </p>

    <p class='ocr_par' dir='ltr' id='par_1_6' title="bbox 190 1708 1239 1794">
     <span class='ocr_line' id='line_1_7' title="bbox 190 1708 1239 1794; baseline 0.002 -22"><span class='ocrx_word' id='word_1_31' title='bbox 190 1771 193 1778; x_wconf 18' lang='grc' dir='ltr'>Α</span> <span class='ocrx_word' id='word_1_32' title='bbox 239 1710 287 1772; x_wconf 90' lang='lat'><strong>11.</strong></span> <span class='ocrx_word' id='word_1_33' title='bbox 332 1708 415 1790; x_wconf 86' lang='lat' dir='ltr'><strong>Quia</strong></span> <span class='ocrx_word' id='word_1_34' title='bbox 436 1729 548 1771; x_wconf 86' lang='lat' dir='ltr'><strong>causae</strong></span> <span class='ocrx_word' id='word_1_35' title='bbox 576 1729 671 1792; x_wconf 82' lang='lat' dir='ltr'><strong>saepe</strong></span> <span class='ocrx_word' id='word_1_36' title='bbox 700 1730 717 1771; x_wconf 94' lang='lat' dir='ltr'><strong>e</strong></span> <span class='ocrx_word' id='word_1_37' title='bbox 744 1708 927 1794; x_wconf 92' lang='lat' dir='ltr'><strong>propinquo</strong></span> <span class='ocrx_word' id='word_1_38' title='bbox 944 1709 1143 1788; x_wconf 30' lang='lat' dir='ltr'><strong>,sufficientes</strong></span> <span class='ocrx_word' id='word_1_39' title='bbox 1175 1733 1239 1776; x_wconf 90' lang='lat' dir='ltr'><strong>uon</strong></span> 
     </span>
    </p>

    <p class='ocr_par' dir='ltr' id='par_1_7' title="bbox 323 1811 1239 1899">
     <span class='ocr_line' id='line_1_8' title="bbox 323 1811 1239 1899; baseline 0.001 -22"><span class='ocrx_word' id='word_1_40' title='bbox 323 1825 412 1888; x_wconf 89' lang='lat' dir='ltr'><strong>sunt,</strong></span> <span class='ocrx_word' id='word_1_41' title='bbox 450 1811 523 1876; x_wconf 86' lang='lat' dir='ltr'><strong>ideo</strong></span> <span class='ocrx_word' id='word_1_42' title='bbox 545 1811 726 1896; x_wconf 78' lang='lat' dir='ltr'><strong>superiores</strong></span> <span class='ocrx_word' id='word_1_43' title='bbox 756 1833 866 1876; x_wconf 85' lang='lat' dir='ltr'><strong>causae</strong></span> <span class='ocrx_word' id='word_1_44' title='bbox 886 1813 1090 1899; x_wconf 78' lang='lat' dir='ltr'><strong>indagantur.</strong></span> <span class='ocrx_word' id='word_1_45' title='bbox 1147 1815 1239 1879; x_wconf 87' lang='lat' dir='ltr'><strong>Unde</strong></span> 
     </span>
    </p>

    <p class='ocr_par' dir='ltr' id='par_1_8' title="bbox 323 1913 1239 2000">
     <span class='ocr_line' id='line_1_9' title="bbox 323 1913 1239 2000; baseline 0.002 -20"><span class='ocrx_word' id='word_1_46' title='bbox 323 1915 461 1980; x_wconf 86' lang='lat' dir='ltr'><strong>nascitur</strong></span> <span class='ocrx_word' id='word_1_47' title='bbox 483 1913 592 1998; x_wconf 91' lang='lat' dir='ltr'><strong>opinio</strong></span> <span class='ocrx_word' id='word_1_48' title='bbox 615 1917 653 1979; x_wconf 86' lang='lat' dir='ltr'><strong>de</strong></span> <span class='ocrx_word' id='word_1_49' title='bbox 675 1915 759 1980; x_wconf 87' lang='lat' dir='ltr'><strong>Fato</strong></span> <span class='ocrx_word' id='word_1_50' title='bbox 780 1915 812 1980; x_wconf 92' lang='lat' dir='ltr'><strong>in</strong></span> <span class='ocrx_word' id='word_1_51' title='bbox 835 1928 972 2000; x_wconf 85' lang='lat' dir='ltr'><strong>quatuor</strong></span> <span class='ocrx_word' id='word_1_52' title='bbox 996 1915 1164 1982; x_wconf 82' lang='lat' dir='ltr'><strong>sententias</strong></span> <span class='ocrx_word' id='word_1_53' title='bbox 1193 1917 1239 1982; x_wconf 90' lang='lat' dir='ltr'><strong>di·</strong></span> 
     </span>
    </p>

    <p class='ocr_par' dir='ltr' id='par_1_9' title="bbox 322 2021 469 2086">
     <span class='ocr_line' id='line_1_10' title="bbox 322 2021 469 2086; baseline -0.034 0"><span class='ocrx_word' id='word_1_54' title='bbox 322 2021 469 2086; x_wconf 84' lang='lat' dir='ltr'><strong>stributa.</strong></span> 
     </span>
    </p>
   </div>
   <div class='ocr_carea' id='block_1_5' title="bbox 133 2121 1237 2209">
    <p class='ocr_par' dir='ltr' id='par_1_10' title="bbox 133 2121 1237 2209">
     <span class='ocr_line' id='line_1_11' title="bbox 133 2121 1237 2209; baseline 0.003 -25"><span class='ocrx_word' id='word_1_55' title='bbox 133 2177 138 2184; x_wconf 79' lang='grc'><em>.</em></span> <span class='ocrx_word' id='word_1_56' title='bbox 238 2125 304 2190; x_wconf 90' lang='grc' dir='ltr'><strong>ΙΙΙ.</strong></span> <span class='ocrx_word' id='word_1_57' title='bbox 348 2125 462 2207; x_wconf 85' lang='lat' dir='ltr'><strong>Neque</strong></span> <span class='ocrx_word' id='word_1_58' title='bbox 490 2123 565 2209; x_wconf 83' lang='lat' dir='ltr'><strong>cogi</strong></span> <span class='ocrx_word' id='word_1_59' title='bbox 597 2143 698 2207; x_wconf 85' lang='lat' dir='ltr'><strong>neque</strong></span> <span class='ocrx_word' id='word_1_60' title='bbox 729 2121 799 2186; x_wconf 86' lang='lat' dir='ltr'><strong>ficri</strong></span> <span class='ocrx_word' id='word_1_61' title='bbox 834 2145 853 2186; x_wconf 89' lang='lat' dir='ltr'><strong>a</strong></span> <span class='ocrx_word' id='word_1_62' title='bbox 886 2121 1076 2206; x_wconf 82' lang='lat' dir='ltr'><strong>corporibus</strong></span> <span class='ocrx_word' id='word_1_63' title='bbox 1114 2123 1237 2199; x_wconf 81' lang='lat' dir='ltr'><strong>omnia3</strong></span> 
     </span>
    </p>
   </div>
   <div class='ocr_carea' id='block_1_6' title="bbox 231 2225 1305 3962">
    <p class='ocr_par' dir='ltr' id='par_1_11' title="bbox 322 2225 1240 2416">
     <span class='ocr_line' id='line_1_12' title="bbox 322 2225 1240 2312; baseline -0.002 -19"><span class='ocrx_word' id='word_1_64' title='bbox 322 2248 425 2310; x_wconf 87' lang='lat' dir='ltr'><strong>neque</strong></span> <span class='ocrx_word' id='word_1_65' title='bbox 446 2226 577 2302; x_wconf 69' lang='lat' dir='ltr'><strong>Fatum,</strong></span> <span class='ocrx_word' id='word_1_66' title='bbox 607 2247 710 2309; x_wconf 90' lang='lat' dir='ltr'><strong>neque</strong></span> <span class='ocrx_word' id='word_1_67' title='bbox 730 2225 931 2312; x_wconf 80' lang='lat' dir='ltr'><strong>praesagium</strong></span> <span class='ocrx_word' id='word_1_68' title='bbox 951 2227 1023 2291; x_wconf 83' lang='lat' dir='ltr'><strong>fore</strong></span> <span class='ocrx_word' id='word_1_69' title='bbox 1046 2226 1180 2312; x_wconf 87' lang='lat' dir='ltr'><strong>aliquid,</strong></span> <span class='ocrx_word' id='word_1_70' title='bbox 1212 2226 1240 2291; x_wconf 86' lang='lat' dir='ltr'><strong>si</strong></span> 
     </span>
     <span class='ocr_line' id='line_1_13' title="bbox 322 2328 991 2416; baseline -0.001 -22"><span class='ocrx_word' id='word_1_71' title='bbox 322 2328 477 2414; x_wconf 88' lang='lat' dir='ltr'><strong>principia</strong></span> <span class='ocrx_word' id='word_1_72' title='bbox 498 2351 605 2392; x_wconf 85' lang='lat' dir='ltr'><strong>rerum</strong></span> <span class='ocrx_word' id='word_1_73' title='bbox 625 2328 743 2394; x_wconf 84' lang='lat' dir='ltr'><strong>suerint</strong></span> <span class='ocrx_word' id='word_1_74' title='bbox 765 2329 991 2416; x_wconf 83' lang='lat' dir='ltr'><strong>contingentia.</strong></span> 
     </span>
    </p>

    <p class='ocr_par' dir='ltr' id='par_1_12' title="bbox 237 2419 1125 2521">
     <span class='ocr_line' id='line_1_14' title="bbox 237 2419 1125 2521; baseline -0.003 -20"><span class='ocrx_word' id='word_1_75' title='bbox 237 2435 303 2501; x_wconf 83' lang='lat' dir='ltr'><strong>IV.</strong></span> <span class='ocrx_word' id='word_1_76' title='bbox 346 2434 422 2496; x_wconf 88' lang='lat' dir='ltr'><strong>Non</strong></span> <span class='ocrx_word' id='word_1_77' title='bbox 444 2453 514 2497; x_wconf 88' lang='lat' dir='ltr'><strong>csse</strong></span> <span class='ocrx_word' id='word_1_78' title='bbox 533 2431 565 2496; x_wconf 91' lang='lat' dir='ltr'><strong>in</strong></span> <span class='ocrx_word' id='word_1_79' title='bbox 587 2431 737 2496; x_wconf 75' lang='lat' dir='ltr'><strong>tmiverso</strong></span> <span class='ocrx_word' id='word_1_80' title='bbox 758 2444 878 2496; x_wconf 86' lang='lat' dir='ltr'><strong>tantum</strong></span> <span class='ocrx_word' id='word_1_81' title='bbox 899 2419 1125 2521; x_wconf 44' lang='lat' dir='ltr'><strong>unum&#39;agens.</strong></span> 
     </span>
    </p>

    <p class='ocr_par' dir='ltr' id='par_1_13' title="bbox 237 2535 1240 2704">
     <span class='ocr_line' id='line_1_15' title="bbox 237 2535 1240 2622; baseline 0.001 -20"><span class='ocrx_word' id='word_1_82' title='bbox 237 2538 285 2602; x_wconf 87' lang='lat' dir='ltr'><strong>V.</strong></span> <span class='ocrx_word' id='word_1_83' title='bbox 329 2538 442 2620; x_wconf 88' lang='lat' dir='ltr'><strong>Neque</strong></span> <span class='ocrx_word' id='word_1_84' title='bbox 463 2557 523 2600; x_wconf 87' lang='lat' dir='ltr'><strong>nos</strong></span> <span class='ocrx_word' id='word_1_85' title='bbox 545 2557 563 2598; x_wconf 89' lang='lat' dir='ltr'><strong>a</strong></span> <span class='ocrx_word' id='word_1_86' title='bbox 585 2536 674 2600; x_wconf 86' lang='lat' dir='ltr'><strong>caelo</strong></span> <span class='ocrx_word' id='word_1_87' title='bbox 697 2535 891 2618; x_wconf 81' lang='lat' dir='ltr'><strong>(sideribus)</strong></span> <span class='ocrx_word' id='word_1_88' title='bbox 912 2537 1000 2622; x_wconf 79' lang='lat' dir='ltr'><strong>regi,</strong></span> <span class='ocrx_word' id='word_1_89' title='bbox 1038 2558 1141 2622; x_wconf 86' lang='lat' dir='ltr'><strong>neque</strong></span> <span class='ocrx_word' id='word_1_90' title='bbox 1166 2558 1240 2603; x_wconf 85' lang='lat' dir='ltr'><strong>cae·</strong></span> 
     </span>
     <span class='ocr_line' id='line_1_16' title="bbox 318 2639 1151 2704; baseline 0 0"><span class='ocrx_word' id='word_1_91' title='bbox 318 2653 388 2704; x_wconf 80' lang='lat' dir='ltr'><strong>tera</strong></span> <span class='ocrx_word' id='word_1_92' title='bbox 409 2661 427 2702; x_wconf 90' lang='lat' dir='ltr'><strong>a</strong></span> <span class='ocrx_word' id='word_1_93' title='bbox 448 2639 537 2702; x_wconf 86' lang='lat' dir='ltr'><strong>caelo</strong></span> <span class='ocrx_word' id='word_1_94' title='bbox 559 2649 678 2700; x_wconf 85' lang='lat' dir='ltr'><strong>tantum</strong></span> <span class='ocrx_word' id='word_1_95' title='bbox 700 2651 731 2702; x_wconf 89' lang='lat' dir='ltr'><strong>et</strong></span> <span class='ocrx_word' id='word_1_96' title='bbox 752 2639 931 2704; x_wconf 88' lang='lat' dir='ltr'><strong>necessario</strong></span> <span class='ocrx_word' id='word_1_97' title='bbox 952 2639 1036 2704; x_wconf 87' lang='lat' dir='ltr'><strong>fieri.</strong></span> <span class='ocrx_word' id='word_1_98' title='bbox 1148 2657 1151 2664; x_wconf 83' lang='grc'><strong>’</strong></span> 
     </span>
    </p>

    <p class='ocr_par' dir='ltr' id='par_1_14' title="bbox 237 2739 1237 3034">
     <span class='ocr_line' id='line_1_17' title="bbox 237 2739 1237 2828; baseline 0 -20"><span class='ocrx_word' id='word_1_99' title='bbox 237 2743 301 2808; x_wconf 80' lang='lat' dir='ltr'><strong>Vl.</strong></span> <span class='ocrx_word' id='word_1_100' title='bbox 347 2743 478 2827; x_wconf 85' lang='lat' dir='ltr'><strong>Singula</strong></span> <span class='ocrx_word' id='word_1_101' title='bbox 498 2739 551 2806; x_wconf 89' lang='lat' dir='ltr'><strong>hic</strong></span> <span class='ocrx_word' id='word_1_102' title='bbox 573 2763 592 2803; x_wconf 86' lang='lat' dir='ltr'><strong>a</strong></span> <span class='ocrx_word' id='word_1_103' title='bbox 612 2741 730 2806; x_wconf 89' lang='lat' dir='ltr'><strong>naturis</strong></span> <span class='ocrx_word' id='word_1_104' title='bbox 753 2743 894 2826; x_wconf 85' lang='lat' dir='ltr'><strong>propriis</strong></span> <span class='ocrx_word' id='word_1_105' title='bbox 916 2742 1017 2828; x_wconf 85' lang='lat' dir='ltr'><strong>magis</strong></span> <span class='ocrx_word' id='word_1_106' title='bbox 1039 2765 1131 2827; x_wconf 89' lang='lat' dir='ltr'><strong>quam</strong></span> <span class='ocrx_word' id='word_1_107' title='bbox 1147 2744 1237 2808; x_wconf 85' lang='lat' dir='ltr'><strong>caelo</strong></span> 
     </span>
     <span class='ocr_line' id='line_1_18' title="bbox 318 2843 1234 2930; baseline 0.002 -22"><span class='ocrx_word' id='word_1_108' title='bbox 318 2845 483 2929; x_wconf 83' lang='lat' dir='ltr'><strong>propriam</strong></span> <span class='ocrx_word' id='word_1_109' title='bbox 518 2843 550 2908; x_wconf 90' lang='lat' dir='ltr'><strong>in</strong></span> <span class='ocrx_word' id='word_1_110' title='bbox 588 2845 801 2930; x_wconf 85' lang='lat' dir='ltr'><strong>generatione</strong></span> <span class='ocrx_word' id='word_1_111' title='bbox 834 2845 991 2930; x_wconf 87' lang='lat' dir='ltr'><strong>accipiunt</strong></span> <span class='ocrx_word' id='word_1_112' title='bbox 1036 2847 1234 2930; x_wconf 81' lang='lat' dir='ltr'><strong>qualitatem,</strong></span> 
     </span>
     <span class='ocr_line' id='line_1_19' title="bbox 311 2947 862 3034; baseline 0 -22"><span class='ocrx_word' id='word_1_113' title='bbox 311 2947 461 3032; x_wconf 76' lang='lat' dir='ltr'><strong>&#39;quamvis</strong></span> <span class='ocrx_word' id='word_1_114' title='bbox 483 2969 502 3010; x_wconf 89' lang='lat' dir='ltr'><strong>a</strong></span> <span class='ocrx_word' id='word_1_115' title='bbox 523 2947 611 3013; x_wconf 88' lang='lat' dir='ltr'><strong>caelo</strong></span> <span class='ocrx_word' id='word_1_116' title='bbox 633 2947 862 3034; x_wconf 84' lang='lat' dir='ltr'><strong>significentur.</strong></span> 
     </span>
    </p>

    <p class='ocr_par' dir='ltr' id='par_1_15' title="bbox 237 3050 1237 3342">
     <span class='ocr_line' id='line_1_20' title="bbox 237 3050 1237 3132; baseline 0 -16"><span class='ocrx_word' id='word_1_117' title='bbox 237 3052 320 3116; x_wconf 91' lang='lat' dir='ltr'><strong>VII.</strong></span> <span class='ocrx_word' id='word_1_118' title='bbox 365 3050 430 3132; x_wconf 92' lang='lat' dir='ltr'><strong>Qui</strong></span> <span class='ocrx_word' id='word_1_119' title='bbox 450 3051 655 3114; x_wconf 83' lang='lat' dir='ltr'><strong>necessariam</strong></span> <span class='ocrx_word' id='word_1_120' title='bbox 677 3071 783 3114; x_wconf 88' lang='lat' dir='ltr'><strong>rerum</strong></span> <span class='ocrx_word' id='word_1_121' title='bbox 805 3052 918 3114; x_wconf 87' lang='lat' dir='ltr'><strong>seriem</strong></span> <span class='ocrx_word' id='word_1_122' title='bbox 939 3052 1163 3130; x_wconf 85' lang='lat' dir='ltr'><strong>introducunt,</strong></span> <span class='ocrx_word' id='word_1_123' title='bbox 1187 3053 1237 3116; x_wconf 92' lang='lat' dir='ltr'><strong>in-</strong></span> 
     </span>
     <span class='ocr_line' id='line_1_21' title="bbox 320 3152 1234 3240; baseline 0 -22"><span class='ocrx_word' id='word_1_124' title='bbox 320 3155 508 3218; x_wconf 78' lang='lat' dir='ltr'><strong>evitabiliter</strong></span> <span class='ocrx_word' id='word_1_125' title='bbox 529 3152 652 3238; x_wconf 83' lang='lat' dir='ltr'><strong>singula</strong></span> <span class='ocrx_word' id='word_1_126' title='bbox 673 3164 894 3238; x_wconf 79' lang='lat' dir='ltr'><strong>peragentem,</strong></span> <span class='ocrx_word' id='word_1_127' title='bbox 933 3155 1079 3218; x_wconf 77' lang='lat' dir='ltr'><strong>auferunt</strong></span> <span class='ocrx_word' id='word_1_128' title='bbox 1099 3167 1165 3220; x_wconf 89' lang='lat' dir='ltr'><strong>tum</strong></span> <span class='ocrx_word' id='word_1_129' title='bbox 1178 3156 1234 3240; x_wconf 20' lang='lat' dir='ltr'><strong>lin·</strong></span> 
     </span>
     <span class='ocr_line' id='line_1_22' title="bbox 318 3255 1148 3342; baseline -0.001 -21"><span class='ocrx_word' id='word_1_130' title='bbox 318 3257 399 3321; x_wconf 86' lang='lat' dir='ltr'><strong>fimis</strong></span> <span class='ocrx_word' id='word_1_131' title='bbox 423 3256 687 3342; x_wconf 85' lang='lat' dir='ltr'><strong>contingentiam,</strong></span> <span class='ocrx_word' id='word_1_132' title='bbox 716 3267 783 3318; x_wconf 84' lang='lat' dir='ltr'><strong>tum</strong></span> <span class='ocrx_word' id='word_1_133' title='bbox 805 3255 936 3320; x_wconf 89' lang='lat' dir='ltr'><strong>consilio</strong></span> <span class='ocrx_word' id='word_1_134' title='bbox 958 3257 1148 3320; x_wconf 88' lang='lat' dir='ltr'><strong>libertatem.</strong></span> 
     </span>
    </p>

    <p class='ocr_par' dir='ltr' id='par_1_16' title="bbox 235 3344 1305 3546">
     <span class='ocr_line' id='line_1_23' title="bbox 235 3344 1305 3442; baseline 0 -16"><span class='ocrx_word' id='word_1_135' title='bbox 235 3362 337 3426; x_wconf 89' lang='lat' dir='ltr'><strong>VIII.</strong></span> <span class='ocrx_word' id='word_1_136' title='bbox 383 3361 555 3442; x_wconf 87' lang='lat' dir='ltr'><strong>Quomodo</strong></span> <span class='ocrx_word' id='word_1_137' title='bbox 584 3358 684 3424; x_wconf 87' lang='lat' dir='ltr'><strong>anima</strong></span> <span class='ocrx_word' id='word_1_138' title='bbox 711 3358 751 3421; x_wconf 88' lang='lat' dir='ltr'><strong>sit</strong></span> <span class='ocrx_word' id='word_1_139' title='bbox 779 3360 887 3422; x_wconf 84' lang='lat' dir='ltr'><strong>subter</strong></span> <span class='ocrx_word' id='word_1_140' title='bbox 909 3359 1040 3437; x_wconf 87' lang='lat' dir='ltr'><strong>Fatum,</strong></span> <span class='ocrx_word' id='word_1_141' title='bbox 1077 3344 1232 3440; x_wconf 47' lang='lat' dir='ltr'><strong>in‘Fato,</strong></span> <span class='ocrx_word' id='word_1_142' title='bbox 1301 3429 1305 3440; x_wconf 64' lang='grc'>,</span> 
     </span>
     <span class='ocr_line' id='line_1_24' title="bbox 319 3465 1013 3546; baseline -0.006 -18"><span class='ocrx_word' id='word_1_143' title='bbox 319 3466 377 3528; x_wconf 89' lang='lat' dir='ltr'><strong>suh</strong></span> <span class='ocrx_word' id='word_1_144' title='bbox 400 3465 495 3528; x_wconf 84' lang='lat' dir='ltr'><strong>Fato.</strong></span> <span class='ocrx_word' id='word_1_145' title='bbox 1012 3539 1013 3546; x_wconf 8' lang='grc' dir='ltr'>ἵ</span> 
     </span>
    </p>

    <p class='ocr_par' dir='ltr' id='par_1_17' title="bbox 236 3564 1233 3759">
     <span class='ocr_line' id='line_1_25' title="bbox 236 3564 1233 3652; baseline 0 -18"><span class='ocrx_word' id='word_1_146' title='bbox 236 3570 301 3634; x_wconf 89' lang='grc' dir='ltr'><strong>ΙΧ.</strong></span> <span class='ocrx_word' id='word_1_147' title='bbox 347 3568 519 3649; x_wconf 87' lang='lat' dir='ltr'><strong>Quomodo</strong></span> <span class='ocrx_word' id='word_1_148' title='bbox 542 3566 642 3630; x_wconf 87' lang='lat' dir='ltr'><strong>anima</strong></span> <span class='ocrx_word' id='word_1_149' title='bbox 663 3564 694 3628; x_wconf 89' lang='lat' dir='ltr'><strong>in</strong></span> <span class='ocrx_word' id='word_1_150' title='bbox 716 3565 798 3629; x_wconf 85' lang='lat' dir='ltr'><strong>Fato</strong></span> <span class='ocrx_word' id='word_1_151' title='bbox 827 3565 884 3644; x_wconf 87' lang='lat' dir='ltr'><strong>sit,</strong></span> <span class='ocrx_word' id='word_1_152' title='bbox 921 3578 956 3630; x_wconf 86' lang='lat' dir='ltr'><strong>ut</strong></span> <span class='ocrx_word' id='word_1_153' title='bbox 982 3588 1092 3652; x_wconf 83' lang='lat' dir='ltr'><strong>agens.</strong></span> <span class='ocrx_word' id='word_1_154' title='bbox 1150 3571 1233 3634; x_wconf 85' lang='lat' dir='ltr'><strong>Item</strong></span> 
     </span>
     <span class='ocr_line' id='line_1_26' title="bbox 321 3669 989 3759; baseline -0.009 -26"><span class='ocrx_word' id='word_1_155' title='bbox 321 3673 359 3734; x_wconf 87' lang='lat' dir='ltr'><strong>de</strong></span> <span class='ocrx_word' id='word_1_156' title='bbox 381 3669 594 3756; x_wconf 84' lang='lat' dir='ltr'><strong>contingentia</strong></span> <span class='ocrx_word' id='word_1_157' title='bbox 614 3690 733 3732; x_wconf 89' lang='lat' dir='ltr'><strong>rerum.</strong></span> <span class='ocrx_word' id='word_1_158' title='bbox 986 3755 989 3759; x_wconf 17' lang='grc' dir='ltr'>ι</span> 
     </span>
    </p>

    <p class='ocr_par' dir='ltr' id='par_1_18' title="bbox 231 3771 1229 3962">
     <span class='ocr_line' id='line_1_27' title="bbox 231 3771 1229 3856; baseline -0.002 -16"><span class='ocrx_word' id='word_1_159' title='bbox 231 3775 278 3840; x_wconf 82' lang='grc' dir='ltr'><strong>Χ.</strong></span> <span class='ocrx_word' id='word_1_160' title='bbox 322 3775 444 3838; x_wconf 83' lang='lat' dir='ltr'><strong>Natura</strong></span> <span class='ocrx_word' id='word_1_161' title='bbox 465 3771 679 3837; x_wconf 85' lang='lat' dir='ltr'><strong>intellectualis</strong></span> <span class='ocrx_word' id='word_1_162' title='bbox 703 3771 768 3856; x_wconf 85' lang='lat' dir='ltr'><strong>agit</strong></span> <span class='ocrx_word' id='word_1_163' title='bbox 789 3772 906 3851; x_wconf 85' lang='lat' dir='ltr'><strong>libere,</strong></span> <span class='ocrx_word' id='word_1_164' title='bbox 931 3777 987 3838; x_wconf 87' lang='lat' dir='ltr'><strong>sed</strong></span> <span class='ocrx_word' id='word_1_165' title='bbox 1008 3774 1073 3839; x_wconf 89' lang='lat' dir='ltr'><strong>eius</strong></span> <span class='ocrx_word' id='word_1_166' title='bbox 1096 3776 1229 3840; x_wconf 82' lang='lat' dir='ltr'><strong>effectus</strong></span> 
     </span>
     <span class='ocr_line' id='line_1_28' title="bbox 320 3874 883 3962; baseline -0.005 -20"><span class='ocrx_word' id='word_1_167' title='bbox 320 3877 485 3962; x_wconf 88' lang='lat' dir='ltr'><strong>aliquando</strong></span> <span class='ocrx_word' id='word_1_168' title='bbox 508 3875 675 3961; x_wconf 85' lang='lat' dir='ltr'><strong>impeditur</strong></span> <span class='ocrx_word' id='word_1_169' title='bbox 696 3874 728 3939; x_wconf 91' lang='lat' dir='ltr'><strong>in</strong></span> <span class='ocrx_word' id='word_1_170' title='bbox 750 3874 883 3946; x_wconf 75' lang='lat' dir='ltr'><strong>ratione.</strong></span> 
     </span>
    </p>
   </div>
   <div class='ocr_carea' id='block_1_7' title="bbox 557 4035 915 4062">
    <p class='ocr_par' dir='ltr' id='par_1_19' title="bbox 557 4035 915 4062">
     <span class='ocr_line' id='line_1_29' title="bbox 557 4035 915 4062; baseline 0.006 -6"><span class='ocrx_word' id='word_1_171' title='bbox 557 4035 915 4062; x_wconf 57' lang='lat' dir='ltr'><strong><em>m</em></strong></span> 
     </span>
    </p>
   </div>
   <div class='ocr_carea' id='block_1_8' title="bbox 0 0 1368 4758">
    <p class='ocr_par' dir='ltr' id='par_1_20' title="bbox 0 0 1368 4758">
     <span class='ocr_line' id='line_1_30' title="bbox 0 0 1368 4758; baseline 0 1"><span class='ocrx_word' id='word_1_172' title='bbox 0 0 1368 4758; x_wconf 95' lang='lat' dir='ltr'><strong> </strong></span> 
     </span>
    </p>
   </div>
  </div>
 </body>
</html>
