2804 4762
1104 369 1144 434 53

136 541 216 604 sicut
225 538 355 602 aliarum
367 561 473 603 rerum
484 553 593 604 natura
600 541 632 604 in
644 541 710 604 aliis
717 541 962 624 proprietatibus
971 540 1074 622 posita
1081 551 1139 616 est,

135 656 170 706 ut
196 642 344 706 animanti
362 644 397 707 in
419 644 559 728 motione
583 645 804 726 ex2appetitu,
839 643 906 728 igni
927 644 958 706 in
981 643 1088 706 calore
1110 655 1142 704 et

134 746 174 818 ¹ni,
187 747 391 812 calefaciente
404 781 416 824 ,ι
437 759 468 810 et
490 747 539 810 sie'
555 747 588 810 in
611 747 760 822 caeteris,
791 747 835 809 ita
852 746 972 810 liomini
989 746 1022 808 in
1040 746 1139 809 ratio·

58 871 65 880 ·
135 849 181 912 nis
201 849 394 931 p'nineipatu.
414 905 417 910 .
440 851 513 912 Hoc
531 862 634 912 autem
652 850 733 912 idern
747 851 830 912 valet
850 852 936 933 quod
952 849 982 912 in
1004 871 1037 911 se
1051 849 1139 930 prin-

134 952 253 1033 cipium
270 953 388 1015 habere
403 953 608 1037 aggrediendi
628 952 743 1035 aliquid
761 953 813 1016 vel
824 975 898 1016 non
921 951 1138 1036 aggrediendi.

133 1057 226 1118 Haec
252 1055 335 1118 enim
358 1057 421 1120 duo
442 1057 524 1118 idem
546 1066 636 1131 sunt,
675 1067 706 1118 et
724 1055 778 1138 qui
794 1057 857 1118 hoc
875 1055 1053 1130 sustulerit,
1077 1057 1137 1121 ho—

132 1157 248 1220 minem
277 1159 449 1225 sustulerit.
494 1159 652 1232 Videntur
678 1169 780 1220 antem
803 1157 848 1220 illi
870 1157 989 1220 omissa.
1005 1157 1135 1221 rationis

131 1260 292 1344 mentione
316 1261 492 1324 libertatem
514 1281 635 1342 ponere
662 1259 693 1324 in
724 1241 880 1342 appetitus
906 1259 1063 1336 motione,
1104 1273 1135 1324 et

129 1367 203 1426 dnm
217 1362 395 1427 libertatem
418 1363 503 1428 aiunt
523 1373 586 1430 n'on
611 1384 679 1426 esse
704 1362 736 1426 in
758 1363 790 1426 vi
812 1362 1050 1438 consultatrice,
1075 1363 1135 1426 sal·

129 1467 208 1544 laeia
237 1467 395 1547 procedit.
461 1470 543 1532 Nam
572 1470 610 1530 de
647 1467 804 1550 appetitus
832 1465 973 1529 motione
1001 1479 1135 1548 possunt

129 1570 234 1632 dicere
260 1591 297 1632 ea
326 1591 404 1654 quae
434 1570 478 1632 sie
504 1572 583 1634 fiunt
611 1591 679 1634 osso
703 1569 954 1650 inanimantium
975 1565 1148 1652 potestate*

129 1694 169 1735 eo
187 1674 276 1755 quod
292 1673 456 1737 animantia
480 1675 546 1736 nori
559 1673 681 1755 possint
698 1672 764 1736 sine
787 1673 842 1734 tali
864 1672 1003 1736 motione
1025 1694 1062 1734 ea
1083 1672 1131 1736 fa-

128 1797 201 1838 cere
216 1797 298 1858 quae
312 1773 371 1858 per
389 1775 552 1840 animantia
573 1776 664 1838 fiunt.
690 1776 786 1856 Quod
807 1775 834 1838 si
851 1775 1026 1838 libertatem
1048 1775 1131 1838 illam

126 1891 284 1959 ponerent
304 1879 337 1942 in
360 1880 611 1955 consultatione,
646 1881 708 1943 iam
726 1879 786 1941 illis
805 1900 868 1941 non
890 1880 1079 1960 procederet
1100 1878 1132 1942 id

35 1983 36 1990 ’
128 1985 216 2064 quod
234 1982 336 2058 aiunt,
362 2005 426 2046 non
447 2003 543 2066 posse
562 2004 641 2065 quae
661 2003 720 2064 per
736 1982 895 2045 hominem
914 1982 1009 2057 fiunt,
1041 1981 1131 2044 aliter

126 2085 208 2161 fieri,
234 2086 318 2169 quia,
343 2087 441 2150 homo
465 2107 640 2169 quanquam
662 2085 701 2147 sit
724 2097 814 2165 aptus
837 2086 876 2146 ad
893 2086 1131 2156 consultandmn

126 2209 188 2251 non
214 2199 319 2251 tamen
350 2188 454 2252 omnia
483 2209 562 2271 quae
590 2188 772 2269 peripsum
796 2200 951 2272 aguntur,
990 2188 1068 2251 firmt
1089 2210 1129 2251 eo

126 2292 336 2354 consultante.
382 2293 458 2356 Non
473 2289 553 2354 enirn
570 2311 643 2354 sane
663 2292 765 2356 onmia
781 2312 860 2374 quae
875 2291 1025 2366 facimus,
1051 2311 1128 2354 con-

124 2395 194 2458 silio
216 2394 371 2478 facimus,
403 2397 458 2458 sed
475 2415 569 2476 saepe
589 2395 720 2460 facimus
742 2416 806 2458 non
829 2395 1002 2458 deliberato
1020 2395 1125 2476 prius,

123 2495 196 2579 ‹piia
223 2496 266 2560 ita
288 2497 397 2579 rapida
416 2508 463 2560 est
486 2498 622 2561 faciendi
647 2498 795 2575 occasio,
834 2512 953 2560 utnon
977 2502 1128 2563 concedat

122 2612 246 2683 tempus
261 2613 380 2684 quanto
396 2605 435 2664 ad
450 2603 687 2666 consultandum
709 2614 756 2665 est
772 2624 864 2684 opus.
910 2602 1011 2682 Saepe
1035 2602 1126 2666 etiam

122 2725 180 2786 per
189 2704 341 2770 ¹desidiam
350 2696 490 2769 nostrim
499 2717 550 2768 aut
564 2705 623 2768 alia
638 2709 675 2767 de
692 2727 785 2768 causa
796 2705 828 2767 id
842 2703 964 2767 accidit.
989 2707 1126 2786 Quodsi

121 2812 200 2890 utrae
222 2807 353 2870 facimus
370 2807 428 2869 alia
443 2807 522 2870 liunt
538 2830 578 2870 ex
591 2809 745 2884 consilio,
755 2809 812 2872 alia
826 2810 890 2871 sine
901 2809 1045 2886 consilio,
1062 2811 1122 2874 iam

121 2911 252 2992 amplius
275 2909 379 2974 dicere
391 2932 454 2974 non
470 2910 543 2974 licet
556 2934 634 2994 quae
649 2933 707 2994 per
723 2911 881 2976 hominem
891 2913 981 2989 fiunt,
1005 2914 1076 2976 ideo
1091 2914 1121 2976 in

119 3023 277 3094 potestate
297 3033 365 3076 osse
390 3013 544 3090 hominis,
583 3017 671 3097 quod
691 3015 781 3077 aliter
798 3037 857 3096 per
877 3016 1020 3080 homines
1046 3017 1122 3079 nihil

117 3116 185 3180 fieri
199 3115 318 3197 possit.
363 3118 443 3180 Nam
470 3115 496 3178 si
519 3137 598 3199 qliae
620 3117 762 3192 facimus,
786 3118 899 3200 partim
923 3120 1053 3184 facimus
1080 3101 1120 3182 ex

119 3218 274 3295 consilio,
312 3219 426 3300 partim
455 3219 520 3284 sine
550 3220 705 3296 consilio,
743 3243 808 3283 non
829 3220 890 3283 iam
914 3223 1017 3286 omnia
1040 3246 1119 3305 quae

117 3323 256 3386 facimus·
282 3343 346 3385 uno
377 3322 455 3388 fiunt
488 3327 604 3400 modo,
644 3324 724 3388 sicut
759 3324 839 3386 fiunt
871 3345 951 3407 qnae
980 3325 1119 3406 penalia

115 3425 195 3488 finnt
224 3424 407 3500 animantia,
446 3427 498 3489 vel
526 3449 584 3508 per
611 3428 716 3512 ignem
749 3427 800 3488 vel
827 3441 886 3508 per
916 3427 1025 3510 gravia
1055 3432 1118 3494 duo

117 3551 270 3611 corpora.
323 3530 418 3609 Quod
447 3529 473 3590 si
503 3529 628 3594 inditam
658 3553 676 3596 a
703 3542 813 3592 natura
840 3531 990 3594 habemus
1007 3533 1117 3608 'sacul-

109 3637 210 3710 'tatem
234 3631 351 3714 aliquid
372 3633 506 3696 faciendi
528 3655 568 3694 ex
591 3633 742 3709 consilio,
775 3635 969 3698 manifestum
993 3649 1039 3697 est
1060 3639 1116 3698 ha-

114 3738 191 3800 bene
225 3757 284 3800 nos
319 3737 410 3800 etiarn
443 3736 622 3808 facultatem
656 3757 695 3797 ex
733 3738 864 3803 consilio
893 3739 1005 3821 agendi
1035 3740 1117 3806 alind

114 3839 207 3920 qnid,
233 3851 264 3906 et
285 3839 351 3908 non
374 3838 512 3906 districte
533 3841 598 3910 hoe
618 3859 729 3918 tantun,
756 3843 842 3924 quod
856 3843 1032 3909 eonsrdtato
1057 3864 1115 3910 vo.

110 3943 256 4010 luimusa·
323 3955 325 3960 ‘
580 3949 582 3956 “
