2774 4756
1058 355 1222 420 itt.

210 543 270 608 pov
290 511 316 588 ii
334 515 537 612 noannoeane
566 513 740 592 ὖπὲνειναν
765 519 887 611 πρᾶξαι
914 515 1038 586 vertens
1064 531 1128 612 qui

207 623 412 706 omniafere
428 640 516 708 qaae
527 621 685 704 faciant,
699 622 825 702 facere
835 645 903 688 non
916 627 1123 691 sustinerent.

215 723 443 786 Schulthessius
459 740 582 786 sensnm
597 722 696 806 magis
712 745 804 806 quam
827 726 925 787 verba
947 725 1125 806 exprimens

212 837 314 889 totum
334 827 440 889 locum
462 825 509 888 sie
530 825 643 888 vertit:
682 825 766 890 tenu
792 847 896 890 naam
922 827 1125 910 nordanae

214 927 352 1012 geneigt
371 949 469 1010 seyn,
500 925 561 988 das
582 927 669 993 alles
694 927 857 1002 zethan,
878 945 944 988 was
963 929 1010 990 sie
1029 929 1124 1006 than,

216 1049 305 1092 wenn
322 1029 369 1089 sie
389 1027 482 1089 ihren
499 1023 580 1092 San
591 1025 657 1104 seir
679 1025 770 1086 wahr
786 1025 928 1101 hielten,
963 1047 1052 1088 wenn
1076 1030 1125 1091 sie

217 1125 366 1188 wirnlich
384 1123 566 1205 glanhtea,
587 1123 639 1187 die
658 1121 842 1186 Mensehen
864 1131 1008 1185 mitssten
1032 1127 1128 1188 nath·

123 1267 125 1274 ‹
218 1225 347 1305 weneh'g
370 1225 488 1285 immor
505 1222 566 1284 aas
583 1223 690 1298 than,
721 1241 787 1283 was
812 1223 860 1284 sie
882 1221 985 1301 than,
1007 1225 1078 1286 und
1096 1247 1129 1289 es

217 1325 307 1386 stehe
326 1321 468 1385 niemals
484 1322 519 1383 in
536 1323 625 1385 ihrer
641 1321 782 1397 Macht,
803 1318 863 1382 das
882 1320 1073 1402 Gegentheil
1087 1345 1131 1386 zu

220 1423 312 1485 thnn.
366 1421 430 1482 Sed
450 1421 599 1502 praefero
621 1420 762 1504 equidem
786 1421 814 1485 ἐι
835 1415 896 1510 κᾷν
917 1417 999 1506 πρὸς
1021 1416 1132 1508 ὀλίγον

217 1533 279 1585 ete.
301 1523 365 1586 hoo
388 1545 490 1586 sensu.
512 1527 603 1588 Satis
621 1527 710 1587 enim
727 1521 792 1584 sihi
809 1523 1048 1602 persuaderent
1065 1526 1134 1604 ipsi

222 1625 280 1685 illi
297 1629 360 1708 qai
378 1636 499 1689 oontra
519 1634 689 1688 conantur
710 1622 842 1698 dicere,
862 1623 893 1683 si
912 1622 963 1684 vel
983 1623 1016 1684 in
1031 1626 1132 1685 mini-

219 1725 281 1784 mis
299 1723 395 1788 rebus
414 1735 571 1808 agerent,
592 1733 759 1803 tanquam
780 1741 857 1782 vera
876 1719 1022 1785 dieentes
1039 1723 1130 1796 (scil.

218 1823 304 1884 nihil
323 1844 392 1887 esse
421 1827 456 1885 in
476 1833 596 1885 nostra
616 1829 800 1901 potestate,
837 1839 928 1882 wenn
953 1822 1000 1884 sie
1024 1822 1130 1885 ihrem

220 1920 370 2003 Systeme
390 1931 523 2003 gemtiss
543 1920 690 1983 handeln
710 1917 856 1994 nitrien)
885 1920 916 1979 si
933 1939 1134 1998 persuasam

106 2051 108 2058 v
222 2019 399 2098 haherent,
424 2020 510 2082 nihil
534 2039 653 2082 eornm
678 2037 768 2100 qaae
790 2017 918 2098 aliquis
931 2017 1053 2096 facit,
1083 2021 1135 2082 ita

217 2115 379 2194 fieri,ut
400 2117 487 2182 idem
505 2119 623 2184 eodem
646 2126 794 2197 ternpore
812 2135 854 2177 ea
874 2125 907 2179 et
926 2137 995 2179 non
1007 2118 1136 2198 agendi

227 2215 384 2280 hahuerit
410 2227 615 2299 patestatem
647 2215 670 2279 i.
700 2237 730 2279 e.
759 2213 786 2276 si
808 2212 989 2299 omitterent
1008 2216 1134 2296 faeere,

221 2337 302 2400 quae
324 2317 464 2395 faciunt,
499 2317 680 2400 vituperare
701 2317 791 2394 scil„
825 2317 974 2394 laudare,
1011 2320 1137 2400 precari

221 2419 324 2482 Deos.
348 2422 439 2482 Tune
460 2419 603 2485 viderent
624 2422 679 2485 tali
699 2431 867 2502 systemate
889 2433 1019 2502 accepto
1042 2422 1138 2486 vitam

222 2539 288 2585 non
310 2524 442 2606 amplius
470 2524 543 2588 sore
575 2525 721 2599 ,vitalem3
757 2524 845 2606 quod
871 2521 906 2584 in
935 2526 1136 2606 sequentibus

223 2625 359 2688 ostendit
379 2638 503 2690 auctor.
526 2627 598 2708 (Ο.)
620 2623 704 2717 πρὸς
725 2621 835 2712 ὀλίγον
853 2634 900 2688 est
916 2626 969 2689 vel
981 2625 1030 2687 ad
1041 2625 1136 2692 breve

226 2739 369 2814 tempas,
391 2735 442 2798 rel
461 2733 663 2814 paullisper.
706 2730 804 2793 Mox.
819 2727 1027 2791 Louahabet
1041 2728 1141 2793 τοῦτο

225 2836 474 2922 πεπιστευμένῳ.
516 2831 633 2912 (Oasp.'
651 2832 775 2914 Orell.)

124 2962 128 2990 ·.
164 2934 198 3014 3)
226 2926 302 2998 ὑπό
325 2934 455 3014 τινος]
479 2931 532 2995 sic
547 2931 647 3007 edidi,
672 2954 742 2994 cum
756 2931 787 2993 in
802 2931 1001 3014 sequentibus
1016 2909 1155 3018 legatus·¹
1261 2967 1264 2974 -

229 3029 272 3112 ὡς
294 3033 423 3121 ἔχοντος
451 3029 524 3099 τότε
551 3033 584 3098 in
613 3033 734 3116 optimo
756 3031 877 3098 Codice
905 3035 1013 3097 Havn.
1057 3037 1142 3100 Edd.

228 3133 292 3204 ὑπό
314 3160 420 3204 τινων.
461 3137 535 3216 (Ο.)

167 3243 201 3322 l)
229 3233 278 3316 ὡς
299 3238 465 3326 ἔχοντος
487 3234 599 3319 this]
623 3237 675 3302 Sic
688 3239 797 3302 Havn.
813 3239 898 3302 Edd.
913 3237 1039 3327 ἔχοντες
1060 3234 1162 3322 τότε,-

232 3344 320 3426 qnod
341 3353 424 3402 esset
445 3341 595 3405 orationis
618 3342 831 3406 anacoluthon
851 3363 912 3423 pro
942 3337 985 3420 ὥς
1006 3336 1146 3429 ἐχόντων

232 3440 305 3511 τότε
320 3444 528 3525 praecedente
539 3444 608 3506 scil.
621 3440 685 3510 ini
700 3468 805 3522 τινων,
827 3457 862 3506 ut
873 3443 924 3508 alii
937 3446 1058 3530 legsmt.
1072 3445 1144 3526 (0,)

168 3553 202 3630 5)
229 3548 344 3634 βίος]
378 3548 468 3610 Haec
490 3568 557 3610 vox
579 3549 666 3612 abest
686 3547 719 3610 in
741 3546 817 3610 Ald.
835 3549 867 3609 1.
936 3575 938 3582 ·

558 3707 645 3750 cns.
669 3684 740 3750 ann.

171 3804 204 3883 l)
231 3763 465 3882 ὑπόθοιτο]
509 3799 562 3863 Sia
589 3799 697 3864 Havn.
727 3812 758 3864 et
780 3798 911 3864 Aldinae
943 3794 1145 3869 orsorhhorso

233 3905 341 3968 Lond.
