2728 4758
1068 379 1129 446 239

130 538 185 622 qui
202 537 255 604 illa
275 541 429 627 legerint,
453 543 670 626 reputaveris,
696 557 727 608 et
748 545 824 610 milti
844 546 940 611 faties
961 549 1128 616 admodum

128 655 275 728 gratum,
300 657 332 709 et
350 665 368 709 a
387 645 509 732 magnis
532 646 633 712 dubiis
652 667 701 710 me
714 647 877 715 liberabis.

313 804 507 870 PLETHO
530 805 809 871 BESSARIONI
832 808 867 871 S.
889 807 935 874 D.

179 941 240 1008 ‘De
261 943 333 1008 Fati
354 956 457 1008 autem
478 945 601 1010 ratione
622 947 713 1024 dico,
749 947 822 1011 fieri
848 971 914 1014 non
934 971 1030 1033 posse
1042 995 1052 1029 ,
1090 964 1127 1016 ut

125 1045 239 1110 Fatum
260 1069 279 1110 a
301 1068 461 1132 quoquam
475 1049 657 1114 summorum
672 1049 845 1129 eximatur,
873 1057 978 1135 quoad
991 1054 1045 1118 illa
1061 1057 1125 1120 duo

123 1147 279 1233 principia
299 1153 394 1216 ambo
416 1163 521 1229 stent,
545 1155 632 1236 quod
654 1153 755 1217 omnis
778 1175 891 1233 causa,
914 1160 1126 1243 quodcunque

121 1251 252 1330 fecerit,
274 1255 455 1320 necessario
477 1267 509 1319 et
530 1255 733 1320 determinate
753 1256 867 1334 faeiat,
892 1269 924 1321 et
947 1263 1034 1343 quod
1055 1283 1125 1325 om·

122 1375 161 1416 ne
184 1359 271 1438 quod
291 1356 346 1436 fit,
377 1379 510 1423 acausa
532 1361 665 1443 quadam
686 1360 755 1424 fiat.
798 1361 973 1426 Enimvero
995 1363 1126 1429 Aristo-

118 1457 199 1521 teles
220 1459 253 1522 in
275 1461 527 1544 Metaphysieis,
564 1461 620 1526 ubi
650 1463 864 1542 intellexerat,
903 1464 978 1548 quid
1005 1487 1046 1530 ex
1074 1467 1124 1532 his

120 1562 245 1625 duobus
276 1563 439 1647 principiis
475 1575 647 1649 sequatur,
686 1567 839 1651 quodque
873 1569 1026 1634 ambobus
1060 1571 1123 1636 illis

118 1665 218 1730 tinnis
239 1667 454 1745 manentibus,
488 1668 559 1732 fieri
579 1668 671 1732 aliter
691 1689 756 1733 non
777 1667 901 1751 possit,
934 1691 1027 1754 quam
1048 1683 1124 1738 uta

118 1769 236 1833 futuris
259 1768 472 1855 contingentia
493 1771 642 1847 exulent3
664 1792 704 1834 ns
726 1772 935 1858 contingente
956 1796 1014 1839 suo
1036 1774 1124 1842 exei-

118 1875 194 1949 dat,
231 1872 365 1936 alterum
395 1873 511 1937 horum
544 1873 775 1959 principiorum
808 1874 914 1953 tollit,
952 1877 1124 1962 statuitque

117 1978 272 2061 quaedem
300 1995 390 2053 esse,
428 1997 509 2060 quae
536 1980 657 2062 absque
685 1999 777 2042 causa
807 2000 993 2063 quacunque
1020 1980 1120 2060 liant,

118 2079 251 2144 ridicule
272 2078 305 2143 id
326 2081 413 2163 quod
435 2080 580 2144 omnibus
601 2082 727 2146 uidetur
749 2081 881 2158 tollens,
914 2082 949 2146 id
969 2103 1048 2147 vero
1070 2083 1123 2152 eui

117 2205 137 2247 a
164 2182 325 2266 plerisque
357 2182 601 2263 contradicitur,
648 2197 797 2269 tanquam
832 2184 945 2250 stabile
980 2207 1122 2252 sumens.

118 2287 185 2351 Sed
216 2287 376 2352 videamus
408 2307 470 2370 qua
497 2287 530 2351 in
549 2299 649 2372 'parte
680 2289 745 2368 hoc
772 2287 977 2374 contingens,
1025 2302 1057 2354 et
1084 2289 1120 2356 in

69 2471 71 2478 Α
116 2401 433 2476 utramquepartem
468 2411 568 2474 aeque
598 2391 758 2475 pendens,
794 2391 829 2455 hi
861 2391 916 2476 qui
951 2391 1122 2460 Aristoteli

70 2481 71 2488 ἵ
97 2573 99 2576 Α
116 2493 358 2578 patrocinantur
386 2495 557 2560 collocent.
615 2495 698 2558 Nam
718 2493 747 2558 si
766 2493 799 2558 id
819 2493 852 2558 in
874 2494 1037 2559 voluntate
1057 2518 1119 2562 no·

116 2610 186 2662 stra
206 2609 347 2681 ponunt,
370 2597 427 2662 uhi
447 2611 479 2663 et
498 2619 621 2682 ponere
642 2596 807 2676 videntur,
837 2607 891 2660 aut
912 2599 1036 2664 moveri
1057 2621 1122 2664 vo·-

115 2702 269 2765 luntatem
299 2713 441 2768 nostram
476 2713 612 2766 statuent
642 2723 664 2764 a
695 2703 815 2779 rebus,
867 2721 947 2786 quae
979 2723 999 2766 a
1031 2703 1118 2770 nulla

117 2815 290 2868 nascuntur
317 2828 428 2883 causa3
465 2808 522 2871 sed
548 2815 668 2871 temere
690 2826 728 2870 ac
746 2804 887 2883 frustra,
924 2805 978 2890 qui
998 2817 1034 2870 ut
1053 2807 1119 2872 hoo

115 2917 333 2975 ornamentum
355 2907 473 2974 animae
492 2921 623 2974 nostrae
651 2908 840 2986 concilient,
862 2907 1050 2973 ‘vamtatem
1069 2909 1117 2976 illi

114 3011 306 3090 conciliant,
334 3023 389 3076 aut
409 3012 436 3076 si
457 3033 477 3076 a
497 3034 577 3078 vero
598 3013 651 3076 vel
672 3009 836 3096 apparenti
855 3012 946 3082 bono,
966 3013 1115 3080 volunta·
1151 3071 1153 3080 .

114 3127 180 3178 tem
200 3125 342 3194 nostram
363 3116 487 3181 moveri
508 3115 739 3193 concesserint,
764 3113 1025 3198 quemadmodum
1034 3121 1115 3178 ‘sane
1145 3187 1146 3192 ἵ

114 3217 239 3284 moveri
259 3218 402 3296 videtin,
433 3224 567 3283 ‘necesse
596 3219 688 3282 etiam
716 3229 764 3282 est
785 3219 914 3282 eandem
935 3217 1115 3282 necessario

70 3365 72 3374 κ
114 3320 240 3388 moveri
254 3325 440 3388 concedant.
483 3321 631 3386 Efficitur
652 3341 731 3406 ergo
756 3321 951 3384 voluntatem
971 3329 1114 3385 noemam

113 3445 180 3489 non
201 3425 325 3491 moveri
346 3447 364 3490 a
385 3447 419 3490 se
439 3423 525 3508 ipsa,
559 3423 711 3508 siquidem
739 3423 778 3485 ab
805 3422 965 3488 intellectu
999 3433 1113 3487 nostro

115 3539 210 3612 atque
231 3531 318 3595 bono
340 3529 463 3594 moveri
485 3538 628 3603 constat,
662 3536 762 3590 totam
790 3546 871 3590 vero
897 3525 1031 3590 animam
1052 3547 1114 3591 no·

114 3643 214 3696 stram
236 3634 389 3717 seipsam
411 3653 563 3707 movere,
610 3631 683 3692 dunt
703 3639 793 3710 parte
814 3649 870 3691 sna
890 3628 1042 3712 reliquam
1064 3615 1122 3692 sui

115 3747 237 3819 partem
259 3748 378 3801 movet.
423 3737 503 3800 Sane
532 3746 563 3798 et
587 3730 778 3796 Aristoteles
807 3732 875 3794 vult
903 3731 1112 3810 confirmare,
1202 3759 1218 3775 ,‚

115 3841 205 3921 quod
225 3838 326 3902 anima
347 3860 365 3902 a
386 3861 420 3903 se
441 3840 510 3922 ipsa
530 3811 709 3908 moveirtur.
753 3833 848 3914 (Nam
869 3854 927 3896 nec
949 3832 1111 3898 Aristote-

114 3941 171 4006 les
184 3952 233 4008 est
252 3940 285 4008 in
309 3941 365 4023 iis,
401 3963 481 4028 quae
498 3942 585 4011 illum
607 3942 688 4008 bene
710 3934 1039 4004 uixissemanttestum
1064 3949 1113 4004 est
