2804 4762
1113 357 1150 418 tt

149 531 240 610 Quae
263 551 333 594 cum
355 527 397 592 ita
418 551 452 590 se
473 529 624 602 habeant,
649 527 679 590 in
703 541 814 612 aperto
837 541 883 592 est
898 528 1065 609 sapientiae
1085 539 1151 589 stu-

148 633 245 696 diosis
275 653 344 694 eam
374 633 454 694 viam
483 633 738 713 praeferendam,
775 654 866 714 quam
898 643 928 694 ct
956 629 1016 713 ipsi
1045 631 1152 696 ineant

148 735 245 799 tutius
269 747 300 798 et
322 735 418 800 tutius
441 735 508 799 aliis
531 747 718 801 monstrent.
1105 739 1108 748 '

590 1028 708 1094 XXII.
776 1075 778 1080 -

211 1133 272 1197 His
291 1137 371 1196 bene
394 1131 597 1198 consideratis
626 1155 689 1196 non
716 1135 771 1196 ahs
790 1154 824 1196 re
847 1135 905 1215 erit
926 1135 958 1197 in
978 1145 1150 1216 conspectu

147 1257 290 1320 ponere,
322 1257 402 1318 quae
425 1237 463 1298 ab
487 1235 547 1298 iltis
567 1238 605 1298 de
629 1237 710 1298 Fato
733 1236 895 1314 dicuntur,
933 1249 967 1298 ut
990 1237 1149 1299 videamus

146 1327 277 1422 ecquam
313 1339 397 1402 illam
424 1341 566 1402 =habeant
603 1339 672 1400 vim.
701 1351 839 1414 tantam,
885 1334 919 1402 ut
947 1360 1079 1421 aequum
1109 1337 1185 1401 sit‘

145 1453 281 1524 propter
296 1463 363 1504 carn
379 1464 471 1526 quam
488 1441 548 1504 ista
561 1443 677 1504 habent
693 1465 762 1506 cum
778 1464 856 1506 vcro
868 1443 1145 1526 propinquitatem,

144 1545 198 1607 illa
227 1545 288 1608 alia
312 1547 391 1608 adeo
413 1545 581 1626 perspicua
603 1545 716 1608 deseri.
761 1548 948 1628 Loquemur
976 1558 1078 1608 autem
1112 1568 1148 1608 ea

145 1649 185 1710 de
204 1669 240 1708 re
266 1660 415 1730 quantum
440 1647 513 1710 huic
537 1647 679 1710 instituto
703 1651 869 1726 conducet.
915 1649 1013 1712 Aiunt
1031 1649 1146 1734 igitur:

146 1771 218 1812 cum
239 1751 423 1812 universum
444 1753 507 1814 hoc
524 1773 620 1814 untrm
637 1750 694 1826 sit,
721 1763 751 1812 et
768 1773 818 1813 res
840 1773 947 1814 omnes
962 1752 992 1813 iu
1015 1774 1147 1814 secon-
1191 1771 1195 1780 ’

146 1837 260 1928 micat,
292 1865 322 1915 et
346 1875 363 1915 a
386 1866 497 1918 natura
518 1865 648 1938 regatur
671 1853 816 1928 vivente,
851 1853 980 1917 rationis
1006 1877 1096 1916 usum
1118 1867 1150 1916 et

145 1955 384 2040 intelligentiam
405 1959 557 2032 habente,
582 1957 696 2018 esseio
717 1977 755 2018 co
775 1957 1034 2040 gubernationem
1050 1981 1148 2041 quan·-

146 2061 217 2122 dam
236 2072 444 2142 perpetuam,
469 2082 549 2142 quae
570 2059 673 2133 serie,
713 2071 805 2142 atque
828 2081 973 2122 connexu
997 2063 1150 2140 procedat
1172 2057 1174 2061 ’

146 2163 222 2238 tati,
247 2175 281 2224 ut
296 2163 507 2227 antecedentia
529 2147 603 2246 post
616 2161 798 2226 futurorum
820 2161 880 2222 sint
902 2185 1031 2229 causac:
1055 2177 1151 2247 atquc

145 2266 188 2332 ita
211 2267 291 2348 aptis
317 2265 399 2328 inter
419 2287 453 2328 se
474 2277 505 2327 et
524 2265 679 2328 consertis
699 2269 793 2337 rebus
817 2267 960 2331 omnibus
978 2267 1037 2342 ita,
1063 2280 1096 2328 ut
1118 2269 1150 2332 in
1189 2289 1191 2295 ⁴

146 2370 210 2432 hoc
234 2381 305 2432 toto
330 2368 407 2438 nihil
428 2369 504 2444 fiat,
537 2367 587 2430 cui
612 2390 676 2430 non
697 2368 739 2432 sit
760 2370 842 2434 aliud
860 2371 1019 2452 quippiam
1038 2392 1150 2432 conso·

146 2495 246 2556 quens
273 2482 321 2548 et,
346 2483 381 2534 ut
403 2493 514 2533 causae
535 2493 632 2548 suae,
657 2494 851 2548 connexum,
877 2495 935 2535 nec
960 2496 1039 2536 vero
1061 2475 1149 2556 quic-

146 2599 240 2660 quam
267 2597 378 2643 corum
404 2597 483 2658 quae
505 2587 678 2658 sequuntur
692 2569 748 2642 xita
769 2575 852 2639 solvi
875 2597 969 2656 posse
995 2580 1034 2638 ab
1060 2590 1149 2640 ante-

145 2679 263 2769 gressis
283 2679 397 2752 rebus,
421 2688 456 2738 ut
478 2699 542 2740 non
561 2677 709 2746 veluteis
735 2677 911 2747 adiunctum
933 2679 1022 2762 sequi
1035 2681 1150 2746 habeat

144 2803 295 2856 necesse3
318 2783 374 2842 sed
396 2778 481 2844 omni
494 2779 541 2842 rei
560 2801 639 2862 quae
657 2778 731 2856 fiat,
756 2781 839 2842 aliud
857 2803 925 2844 esse
940 2795 1147 2866 consequens,

145 2889 233 2970 quod
268 2885 308 2946 ab
341 2904 377 2946 ea
409 2895 557 2965 tanquam
586 2904 682 2966 causa
713 2905 770 2945 sua
801 2885 993 2948 necessitatis
1021 2886 1148 2949 vinculo
1186 2906 1187 2910 ’

145 2991 300 3072 pendeat:
325 2997 356 3050 et
370 2991 482 3054 contra
503 2984 652 3067 quicquid
674 2985 710 3045 fit
730 2984 762 3046 id
786 2985 902 3048 habere
925 2986 1041 3070 aliquid
1062 3002 1148 3052 ante-

145 3092 307 3176 positum,
343 3088 393 3150 cui
417 3101 453 3150 ut
474 3073 585 3158 causae
606 3089 785 3152 cohaereat.
830 3089 918 3151 Nihil
940 3091 1056 3172 quippe
1074 3092 1148 3154 ‘sine

146 3217 239 3260 eausa
268 3194 300 3256 in
325 3194 389 3254 hoc
410 3192 536 3262 Mundo
561 3202 613 3252 aut
640 3212 707 3262 esse
734 3203 787 3262 aut
815 3191 885 3254 fieri
907 3193 979 3275 quia
1008 3195 1083 3263 nihil
1116 3195 1148 3256 in

145 3302 217 3382 ipso
237 3298 276 3360 sit
293 3294 431 3358 solutum
454 3305 484 3356 et
509 3305 688 3374 separatum
709 3295 748 3364 ab
768 3295 1051 3378 antegredientibus
1073 3319 1147 3360 cau·

145 3404 200 3472 sis.
213 3402 216 3408 ’
231 3401 331 3463 ·F0re
350 3395 430 3460 enim
452 3407 487 3458 ut
505 3396 670 3464 divellatur
688 3395 910 3480 dirimaturque
932 3399 995 3463 hoc
1010 3399 1147 3462 Univer-

144 3487 232 3579 sum,
256 3523 315 3566 nec
332 3499 464 3582 amplius
486 3497 526 3561 sit
540 3503 634 3562 unum
649 3501 858 3586 gubernatum
880 3522 944 3572 uno
968 3501 1076 3565 ordine
1100 3517 1146 3566 at-

147 3607 208 3692 que
232 3602 479 3686 dispensatione,
518 3600 545 3663 si
572 3624 633 3685 qua
666 3603 765 3666 motio
796 3603 918 3674 oriatur
946 3604 1011 3668 siue
1034 3605 1144 3683 causa,
1228 3660 1236 3674 .

147 3733 241 3794 quam
263 3705 385 3780 induci,
420 3703 447 3768 si
474 3710 538 3769 non
567 3703 671 3790 omnia
699 3718 879 3788 quaesunt
907 3729 1048 3792 quaeque
1070 3709 1149 3772 fiunt

144 3816 282 3878 habeant
304 3830 412 3872 causas
434 3811 629 3892 antegressas
645 3829 721 3890 quas
735 3808 804 3890 ipsa
819 3797 998 3874 necessario
1013 3794 1146 3896 sequan.

146 3929 211 3985 tur.
257 3911 382 4000 Quippe
404 3923 438 3982 ut
460 3911 542 3984 aliud
563 3910 618 3976 fiat
640 3909 705 3976 sine
728 3933 838 3998 causa,
877 3913 908 3975 i'd
933 3915 1024 3997 plane
1047 3915 1146 3987 sintita
