2758 4760
1075 392 1151 454 ’123

147 577 277 643 testate,
320 562 397 640 (nisi
431 563 500 644 quis
528 561 604 622 velit
634 561 759 624 omnino
791 560 938 644 quicquid
971 563 1009 622 ab
1043 561 1149 644 aliquo

146 669 315 730 secuudum
340 687 426 740 suam
448 676 589 726 naturam
606 663 659 738 fit,
695 663 798 725 dicere
825 685 892 726 esse
914 664 945 725 in
969 665 1033 726 eius
1056 676 1148 745 pote·
1195 676 1200 691 '

145 782 243 845 state,
267 769 416 831 inducens
437 789 552 830 novam
574 765 834 849 significationem
858 766 923 828 eius
945 769 1031 848 quod
1049 779 1095 828 est
1117 769 1148 828 iu

143 883 318 954 potestate,
351 871 505 932 diversam
532 872 570 932 ab
594 890 732 951 eaquae
758 869 917 943 creditur,
953 891 1095 952 quaeque
1118 871 1147 934 in

144 974 311 1056 anticipata
327 986 374 1034 est
390 971 557 1054 opinione,
581 993 674 1056 qiuam
690 993 747 1034 uos
767 973 847 1034 hane
863 972 1009 1048 dicimus,
1034 975 1151 1035 habere

143 1099 202 1140 nos
227 1077 402 1138 libertatem
425 1076 456 1137 iu
485 1078 580 1138 rebus
614 1075 725 1158 agendi
751 1075 928 1153 contraria)
959 1089 1088 1158 apparet
1111 1096 1177 1138 ex'

141 1179 402 1262 praecedentibus
426 1199 519 1261 saepe
548 1177 674 1240 anobis
695 1190 725 1238 et
744 1178 858 1238 dictum
884 1199 952 1240 esse
979 1191 1009 1241 et
1030 1183 1150 1261 proba-

142 1295 220 1346 tum.
267 1282 351 1344 Huic
376 1293 479 1344 autem
500 1281 639 1344 sermoni
667 1280 782 1344 similes
808 1293 880 1344 suut
909 1294 940 1343 et
966 1283 1038 1357 alii,
1070 1305 1151 1366 quos

141 1389 182 1448 ad
209 1385 425 1449 defensionem
454 1385 502 1447 sui
530 1384 684 1469 dogmatis
707 1398 870 1466 promum.
917 1386 1045 1448 Habent
1069 1387 1148 1448 enim

139 1488 285 1571 plerique
315 1491 468 1572 quandam
499 1487 580 1551 intra
605 1489 705 1550 verba
726 1500 859 1551 stantem
885 1489 1057 1572 argutiam,
1096 1493 1172 1552 sed'

140 1613 206 1653 nou
224 1592 316 1653 fidem
334 1591 394 1654 sibi
417 1593 580 1654 adstruunt
602 1614 643 1654 ex
662 1592 867 1656 consonantia
886 1614 956 1654 eum
974 1595 1086 1668 rebus,
1112 1595 1149 1655 de

141 1694 256 1778 quibus
279 1716 441 1758 sermones
463 1693 516 1756 isti
537 1706 609 1756 suut
631 1694 773 1758 instituti.

558 1797 729 1860 XXXIX.

209 1902 299 1964 Haee
325 1914 414 1977 sunt,
450 1900 632 1964 divinissimi
657 1903 889 1982 Imperatores,
929 1886 1170 1967 Aristotelicas¹

60 2043 67 2062 .
144 2004 316 2068 sententiae
338 2007 375 2066 de
390 2006 475 2067 Fato
494 2016 525 2066 et
544 2007 582 2066 de
602 2004 747 2066 libertate
767 2005 910 2080 volendi,
934 2017 969 2070 ut
995 2029 1057 2092 ego
1083 2008 1152 2090 qui-

143 2111 215 2170 dem
241 2108 397 2182 arbitror,
436 2107 606 2189 praecipua
632 2107 751 2187 capita,
788 2110 956 2169 seeundum
979 2131 1059 2190 quae
1083 2132 1155 2178 seu.

143 2210 278 2287 tientes,
310 2209 354 2292 pii
374 2211 487 2277 erimus
510 2213 660 2272 adversus
681 2211 787 2286 Deos,
824 2211 937 2293 partim
957 2213 1074 2295 gratias
1093 2213 1153 2276 illis

142 2326 274 2399 agentes
297 2335 357 2395 pro
380 2314 473 2380 bouis
499 2335 579 2396 quae
602 2313 645 2375 illi
675 2313 707 2375 in
733 2336 791 2377 nos
816 2315 1001 2378 contulere:
1039 2317 1152 2396 partim

142 2403 311 2500 poscentes
330 2417 386 2478 alia
410 2419 448 2478 ab
467 2417 566 2498 ipsis,
599 2430 632 2480 ut
655 2418 708 2500 qui
731 2418 823 2480 dandi
840 2430 870 2481 et
893 2441 961 2482 uon.
980 2419 1071 2481 dandi
1093 2419 1154 2481 sint

141 2520 273 2583 domini.
319 2520 446 2582 Erimus
466 2520 556 2582 etiam
581 2523 663 2604 grati
693 2524 844 2584 adversus
864 2544 922 2585 vos
944 2523 1153 2604 et-principes

140 2625 220 2686 tales
241 2623 349 2706 quales
369 2645 428 2686 vos
444 2623 537 2698 estis,
562 2625 708 2704 persuasi
724 2647 760 2687 ea
778 2647 836 2688 vos
850 2647 911 2706 pro
929 2625 1022 2687 nobis
1044 2647 1151 2708 agere,

142 2749 224 2808 quae
256 2747 296 2787 ex
328 2739 438 2790 vestro
471 2726 717 2809 proficiscuntur
744 2729 859 2790 dilectu
888 2729 1088 2809 praeferente
1123 2728 1156 2790 id

141 2831 230 2912 quod
255 2841 302 2891 est
321 2829 429 2891 melius
452 2842 483 2892 et
503 2852 609 2892 curam
632 2843 771 2892 sumente
792 2831 825 2892 id
850 2830 1053 2906 diiudicandi,
1089 2853 1153 2894 uon

141 2944 246 2994 autem
271 2945 390 2995 tractos
424 2933 583 2995 anteiaetis
615 2933 799 3015 quibusdam
833 2934 950 3009 causis,
991 2957 1068 3018 quau
1099 2937 1172 3004 du·,

141 3041 247 3098 centes
266 3035 437 3118 sequamini
455 3035 689 3098 inevitabiliter.
738 3036 956 3116 Impendenuis
977 3039 1069 3099 etiam
1090 3033 1154 3098 stu·

141 3139 226 3200 dium
249 3139 376 3214 virtuti,
415 3151 449 3200 ut
480 3138 533 3221 qui
565 3139 742 3201 libertatem
769 3141 938 3215 habemus,
977 3149 1037 3221 per
1063 3163 1155 3222 quam

141 3254 195 3304 aut
217 3241 365 3304 meliores
391 3254 445 3304 aut
463 3241 589 3322 peiores
616 3244 814 3305 evadamus.v
843 3244 970 3306 Horum
997 3243 1079 3304 euim
1102 3266 1156 3306 so-

140 3345 305 3408 lummodo
331 3344 495 3426 quisquam
516 3357 547 3406 et
572 3345 738 3421 dominus,
777 3366 857 3428 quae
884 3357 914 3406 et
936 3367 1002 3407 non
1022 3345 1157 3407 faciendi

142 3447 238 3510 habet
256 3449 452 3510 libertatem:
493 3449 536 3510 Et
556 3449 615 3511 alia
634 3448 738 3512 omnia
760 3469 840 3530 quae
860 3471 929 3510 eum
950 3447 1080 3510 rationis
1100 3471 1158 3512 usu

143 3531 288 3637 agimus,
314 3551 357 3613 ita
380 3553 502 3612 demum
531 3572 626 3636 agere
650 3553 730 3614 sieut
752 3563 899 3633 oportet.
924 3552 950 3614 si
973 3573 1014 3612 ex
1029 3552 1158 3614 Aristo-

143 3655 212 3719 telis
248 3652 402 3716 sententia
438 3675 546 3716 causas
577 3637 737 3718 actionum
769 3658 961 3730 reddamus,
1007 3656 1071 3718 hoe
1111 3667 1158 3716 est

144 3760 231 3841 quod
253 3777 466 3838 peromnem
495 3758 579 3818 hune
601 3779 779 3821 sermonem
805 3771 937 3823 conatus
967 3781 1035 3820 sum
1067 3758 1158 3820 vobis

146 3863 330 3924 ostendere.
