2804 4762
1129 393 1148 454 9

213 666 333 732 Omnes
353 663 473 752 igitur,
497 664 552 750 qrti
572 667 612 730 de
627 667 710 730 Fato
729 671 848 752 agitat,
874 667 956 732 Fato
971 665 1150 732 adscribere

144 770 212 835 vim
244 771 399 854 quandam
431 791 544 834 carnae
574 769 608 834 in
632 791 772 853 eaquae
798 769 896 848 fiunt,
935 768 1063 834 evidens
1088 783 1152 835 ests

141 875 238 938 Hane
261 873 343 936 enim
373 873 534 958 assignant
562 885 594 937 et
618 873 773 936 affirmant
803 895 929 937 causam
958 895 1045 952 esse,
1093 897 1151 937 eur

141 975 221 1040 fiant
238 997 320 1060 quae
341 975 421 1040 fiunt
448 988 480 1040 et
501 961 663 1060 quomodo
693 976 783 1040 fiant.
829 975 911 1042 Cum
936 999 1016 1042 vero
1039 999 1151 1040 causae

143 1101 212 1145 vox
232 1101 298 1144 non
319 1101 384 1143 uno
401 1080 435 1144 in
453 1079 639 1165 significatu
663 1092 821 1158 samanar,
864 1102 944 1165 opus
967 1093 1015 1144 est
1037 1093 1073 1144 ut
1098 1080 1153 1164 qui

144 1183 255 1249 ordine
279 1185 363 1248 hano
387 1183 604 1268 quaestionem
629 1183 706 1248 velit
731 1183 887 1266 exsequi,
934 1183 1006 1247 inde
1029 1184 1152 1248 initium

6 1331 8 1356 i
38 1281 46 1289 ’
144 1298 259 1363 sumat,
283 1307 419 1370 quanam
432 1285 466 1350 in
477 1306 639 1352 causarmn
656 1287 756 1350 classe
773 1282 954 1368 ponendum
968 1288 1009 1350 sit
1024 1289 1151 1350 Fatum.

144 1389 236 1454 Nihil
258 1389 340 1452 enim
362 1409 474 1454 eorum
499 1411 580 1474 quae
606 1389 673 1455 aliis
692 1402 724 1453 et
745 1389 812 1454 aliis
834 1389 982 1452 dietmtur
995 1390 1149 1466 sensibus,

142 1495 264 1562 clarum
297 1497 427 1571 evadet,
475 1494 537 1558 nisi
567 1495 753 1558 adhibeatur
782 1495 949 1558 commoda
978 1493 1150 1558 distinctio.

144 1597 270 1664 Causae
286 1619 367 1682 ergo
384 1619 443 1680 per
462 1619 539 1682 quas
554 1619 607 1662 res
618 1598 719 1675 fiunt,
743 1596 964 1662 discernuntur
983 1598 1016 1662 in
1035 1598 1151 1660 classes

141 1714 299 1787 quatuor,
325 1701 405 1766 sicut
426 1701 550 1766 divinus
570 1701 765 1766 Aristoteles
784 1700 985 1764 monstravit.
1031 1697 1152 1764 Causa-

141 1828 214 1870 rum
236 1805 319 1869 enim
343 1803 417 1868 alias
440 1825 508 1868 esse
527 1804 570 1868 ait
588 1804 742 1886 opifices,
774 1804 849 1868 alias
869 1804 933 1868 vim
950 1806 1069 1867 habere
1086 1825 1152 1867 ma-

142 1909 265 1984 teriae,
290 1907 365 1972 alias
383 1907 417 1972 in
436 1909 543 1972 forma
565 1907 711 1990 positas3
735 1909 775 1970 ad
799 1910 880 1971 haee
902 1907 962 1970 tria
989 1929 1153 1970 causarum

143 2033 267 2097 genera
285 2013 436 2076 accedere
451 2023 616 2094 quartum,
641 2013 730 2094 quod
743 2023 791 2074 est
808 2011 1010 2094 propositum
1032 2010 1152 2092 operis,

145 2115 235 2181 estius
256 2135 337 2198 ergo
353 2114 389 2177 fit
411 2115 499 2197 quod
518 2114 568 2176 fit.
614 2115 658 2176 Et
678 2124 729 2176 tot
750 2113 875 2196 quidem
897 2126 970 2175 sunt
990 2135 1155 2177 causarum

145 2217 357 2284 diversit-ates.
417 2217 606 2300 Quanquam
639 2237 810 2280 veronen
838 2215 943 2280 omnia
974 2237 1054 2299 quae
1075 2217 1155 2280 fiuant

143 2333 194 2386 tot
212 2320 314 2384 causis
336 2341 419 2403 ,opus
437 2321 572 2395 habent,
597 2330 734 2382 attamen
750 2341 831 2404 quae
849 2320 992 2402 plurimis
1014 2319 1154 2404 indigent

144 2425 276 2506 causis,¹
292 2443 359 2486 non
380 2425 536 2486 excedunt
557 2422 675 2486 dietum
699 2423 761 2485 iam
783 2445 959 2486 numerum.
1004 2425 1067 2487 Sed
1085 2445 1155 2488 om·

142 2529 231 2592 nium
260 2527 373 2590 harum
406 2547 571 2590 causarum
603 2526 752 2592 discretio
781 2527 836 2590 fiet
865 2527 1029 2608 apertior,
1070 2527 1097 2590 si
1122 2527 1154 2592 in

144 2632 254 2714 aliquo
270 2649 382 2694 eorum
402 2627 484 2712 quae
499 2629 578 2694 fiunt
593 2630 741 2711 exemplo
758 2642 931 2712 spectatur,
976 2629 1155 2693 Discrimen

146 2757 228 2822 ergo
252 2753 416 2796 causarum
442 2753 628 2814 quaeramus
657 2733 690 2796 in
715 2733 898 2796 simulacro.
957 2733 1035 2796 Eius
1062 2754 1156 2796 causa

148 2838 261 2920 opilea
271 2847 319 2898 est
333 2834 359 2898 is
375 2831 430 2916 qui
446 2833 524 2900 illud
543 2834 682 2900 condidit
705 2835 838 2911 artifex,
863 2858 957 2919 quem
971 2836 1156 2898 statuarium

144 2940 292 3006 adicimus.
344 2939 414 3002 Pro
437 2937 579 3002 materia,
597 2949 645 3000 est
673 2937 923 3002 artisubiacens
950 2951 1002 3001 aut
1018 2961 1079 3002 'aes
1103 2950 1156 3002 aut

147 3063 312 3117 marmor,
361 3052 415 3102 aut
446 3034 473 3104 'si
504 3039 580 3123 qiud
612 3040 696 3104 aliud
724 3041 867 3104 statuarii
892 3053 958 3104 arte
983 3042 1155 3126 liguratur.

147 3149 231 3212 Nam
256 3155 287 3208 et
307 3147 372 3208 hoc
394 3155 442 3206 est
457 3165 572 3220 causa,
596 3143 711 3208 carsit
733 3143 928 3227 curquefiat
949 3143 1153 3232 sinulaerum.

146 3251 272 3314 Verum
297 3247 419 3330 species
446 3245 516 3327 ipsa
546 3245 706 3330 simulacri
737 3260 924 3332 causaest,
958 3270 996 3312 ea
1016 3248 1154 3325 seilicet,

148 3375 244 3436 quiam
261 3351 410 3420 materiae
432 3350 566 3432 imponit
593 3351 780 3426 statuarius,
819 3363 956 3432 propter
978 3373 1071 3433 quam
1093 3364 1156 3414 sta·

148 3467 206 3522 tua
231 3467 366 3520 vocatio·
389 3453 476 3520 disco
500 3453 631 3531 ludens,
656 3453 856 3539 sagittarius,
881 3465 913 3536 et
937 3453 1003 3516 aliis
1021 3456 1156 3519 nomini·

149 3562 208 3626 bus
235 3580 276 3622 ex
299 3570 387 3625 certa
406 3558 511 3626 forma
533 3558 693 3639 desumtis.
759 3558 822 3620 Sed
849 3579 952 3640 neque
980 3561 1058 3621 haec
1086 3556 1159 3624 sola

149 3684 264 3726 causae
293 3673 385 3738 sunt,
432 3684 489 3730 cur
521 3660 685 3724 exoriatur
714 3660 937 3725 simulacrum:
971 3662 1048 3724 nulli
1075 3663 1157 3738 enim

150 3787 316 3834 causarum
342 3765 447 3847 operis
479 3765 561 3830 cedit
586 3764 788 3847 propositum
817 3765 905 3828 ouius
928 3787 1008 3850 ergo
1037 3767 1152 3850 agitur,

151 3884 230 3953 puta
240 3872 344 3936 honos
360 3869 489 3949 alieuius
502 3881 555 3932 aut
568 3869 602 3932 in
621 3866 754 3950 aliquem
770 3868 914 3942 Deorum
931 3869 1043 3950 pictas.
1069 3870 1156 3932 Talis

65 3991 68 3996 ·
149 3973 232 4039 euim
263 3995 356 4040 causa
384 3971 659 4047 ridentiano,
698 3993 736 4038 ue
766 3984 913 4055 coeptmn
932 3973 1057 4056 quodem
1075 3987 1157 4036 esset
1256 4015 1258 4020 .

1117 4216 1142 4244 s
