2804 4762
1086 392 1127 456 tt

122 565 199 640 sos?
223 565 290 630 Iam
313 561 395 628 erim
411 560 544 630 vidimus
564 510 680 626 babere
697 562 854 626 bominem
871 562 903 626 in
922 563 1016 626 rebus
1031 581 1127 647 agen·

122 671 168 734 dis
187 677 378 752 potestatem
401 665 547 730 etiamad
569 665 761 735 centrarium
781 666 993 742 reuertenti,
1017 665 1129 730 deinde

121 793 202 836 vero
220 791 285 834 non
305 789 399 832 omne
417 771 505 852 quod
522 767 686 852 deligimus
708 769 826 832 habere
845 790 953 832 causas
975 787 1130 853 praegre-

18 965 20 968 .
120 875 266 948 dientes,
289 892 349 955 per
368 893 445 954 quas
464 893 529 936 non
548 869 637 934 licut
657 869 749 934 nobis
771 870 854 934 aliud
872 871 1030 956 deligere,
1054 869 1129 934 satis

124 975 263 1048 ostendit
285 973 377 1038 ctiam
398 995 457 1050 ea,
478 993 558 1056 quae
583 993 677 1054 saepe
699 971 844 1036 dilectum
863 973 1025 1057 sequitur,
1049 994 1130 1056 poe-

105 1079 266 1146 nitentia.
312 1079 476 1160 Tanquam
499 1075 580 1138 enim
602 1074 634 1138 in
657 1067 748 1140 nullis
770 1076 866 1140 fuerit
891 1079 954 1140 hoc
971 1099 1031 1140 nec
1053 1075 1130 1140 deli-

123 1204 200 1269 gere
223 1202 282 1244 nee
300 1199 407 1265 agere,
428 1176 623 1260 poenitentia
645 1177 799 1256 ducimur,
822 1199 945 1262 nosque
963 1179 1054 1262 ipsos
1076 1199 1129 1242 ac-

123 1305 268 1350 cusamus
300 1285 339 1346 de
375 1280 498 1346 consilii
522 1279 784 1356 hallucinatione,
833 1279 909 1364 quin
936 1292 967 1344 et
999 1281 1028 1344 si
1052 1281 1130 1344 alios

122 1387 287 1452 videamus
317 1385 349 1448 iu
377 1386 501 1469 agendo
526 1403 590 1448 non
611 1394 730 1446 rectam
751 1383 868 1462 instare
894 1384 999 1460 viam,
1038 1382 1131 1446 etiam

122 1491 195 1555 illos
207 1499 243 1552 ut
254 1499 433 1572 peccantes,
457 1486 631 1572 arguimus.
654 1474 825 1552 Praeterea
841 1486 1024 1552 assumimus
1038 1485 1131 1550 nobis

20 1596 22 1613 '
123 1589 249 1658 consilii
270 1589 463 1674 participes,
488 1600 599 1672 utpote
624 1589 656 1653 in
679 1591 771 1656 nobis
796 1591 876 1668 sito,
900 1609 1132 1654 assumamusne

122 1697 204 1776 tales
236 1693 268 1758 in
303 1692 487 1770 consilium,
535 1714 576 1756 an
605 1714 670 1757 non
703 1715 913 1770 assumamus,
960 1713 1073 1774 nempe
1097 1703 1133 1754 ut

114 1819 237 1872 ¹eurum
260 1817 322 1878 ope
344 1795 455 1858 directi
480 1816 608 1879 agamus
631 1807 662 1858 et
680 1797 740 1860 alia
757 1799 908 1879 quaedam
931 1797 970 1860 ab
992 1796 1029 1860 iis
1053 1816 1131 1878 quae

124 1902 262 1986 agimus,
287 1951 289 1960 .
318 1897 516 1962 Libertatem
543 1911 645 1962 autem
679 1900 808 1964 volendi
835 1899 898 1964 dici
919 1899 1003 1962 eirea
1032 1921 1068 1962 ca
1099 1899 1131 1962 in
1214 1883 1216 1891 Α

122 2005 240 2088 'quibus
260 2013 291 2066 et
309 2001 468 2064 contraria
491 2001 631 2086 deligere
651 1990 839 2084 possumus,
863 2015 929 2066 tum
948 2025 1007 2084 per
1024 2023 1057 2065 se
1073 2023 1133 2068 no·

124 2119 207 2186 trun,
233 2102 299 2170 tum
320 2103 395 2172 satis
416 2105 480 2168 hoe
502 2107 670 2168 ostendunt
692 2105 774 2166 dicta
797 2107 966 2168 hactenus.-

577 2208 680 2272 XIII.

188 2313 266 2377 Hoc
286 2322 389 2376 autem
410 2322 446 2374 ut
465 2311 631 2375 defendant
652 2305 696 2388 ii,
728 2312 781 2396 qui
806 2312 911 2387 omnia
924 2312 1010 2378 -Fato
1041 2324 1132 2376 auitu-

127 2427 212 2484 mant
241 2415 328 2491 lieri,
366 2413 501 2496 primum
531 2435 571 2476 ne
596 2413 657 2497 ipsi
685 2415 808 2498 quidem
834 2423 967 2479 tentant.
1021 2415 1132 2496 Seium

127 2519 209 2584 enim
233 2539 266 2593 se
284 2518 317 2581 id
333 2519 510 2582 tentaturos
532 2520 620 2600 quod
640 2517 712 2581 fieri
729 2520 848 2602 nequit.
892 2519 939 2582 At
960 2519 1042 2582 sicut
1060 2519 1132 2584 for·

128 2635 223 2686 timae
250 2611 411 2684 vocabulo
433 2620 526 2684 alium
555 2621 779 2685 substituentes
808 2619 1038 2706 significatum,
1075 2621 1133 2684 im·

129 2736 253 2808 ponunt
268 2723 463 2788 auditoribus
481 2735 517 2786 ut
531 2723 696 2786 videantur
713 2724 815 2806 stipsi
830 2737 966 2790 statuere
982 2727 1134 2809 quaedam
1151 2757 1153 2762 ·

127 2830 212 2894 sorte
242 2827 372 2892 fernme
396 2825 488 2902 lieri,
526 2825 608 2888 idem
636 2828 754 2891 iaciunt
782 2828 813 2890 in
840 2850 879 2892 eo
909 2832 996 2911 quod
1022 2829 1134 2891 dieitur

128 2943 257 2996 nostrae
277 2950 345 2994 esse
363 2928 541 3012 potestatis.
587 2931 668 2992 Nam
698 2931 823 2996 sublato
846 2931 981 2995 hominis
1000 2931 1134 2996 arbitrio

129 3037 168 3100 ad
190 3035 337 3121 dilectum
371 3031 589 3114 actionemque
622 3033 933 3114 contrapositorum,
972 3033 1003 3096 id
1030 3035 1136 3098 derint

130 3159 197 3202 esse
216 3136 374 3208 innostra
388 3146 569 3217 potestate,
594 3138 633 3198 ad
652 3139 738 3218 quod
756 3139 910 3220 agendum
927 3149 958 3199 et
980 3158 1038 3200 nos
1058 3129 1135 3201 con-

130 3240 299 3304 currimus.
344 3239 531 3315 Nemeum,
557 3238 660 3316 aiunt,
685 3261 796 3315 eorum
812 3252 977 3322 quaesunt
995 3241 1135 3323 fiuntque

131 3343 276 3406 diversae
285 3341 345 3420 sint
354 3340 603 3424 multiplicesque
618 3354 767 3405 naturae:
786 3342 959 3422 (nonenim
969 3345 1075 3406 eadem
1089 3355 1137 3406 est

131 3458 246 3510 natura
261 3457 293 3507 et
308 3444 516 3510 animatorum
528 3457 560 3506 et
577 3446 696 3510 animae
709 3446 904 3528 expertium,
929 3445 1137 3510 anirnatorum

105 3569 261 3633 ‘quoque
286 3569 351 3612 non
373 3547 479 3612 eadem
501 3547 582 3611 inter
608 3571 654 3613 se.
710 3550 799 3630 Quot
821 3549 901 3614 enim
922 3535 1000 3612 sumt¹
1015 3549 1136 3632 specie-

131 3675 203 3716 rum
220 3650 303 3716 inter
324 3672 357 3714 se
383 3651 594 3728 differentiae,
618 3664 669 3717 tot
691 3656 878 3717 documenta.
899 3653 1136 3737 suntdifferen·

133 3757 211 3820 tium
235 3768 266 3818 et
291 3758 504 3836 naturarum).
549 3754 645 3820 Fiunt
674 3768 776 3820 alitem
802 3777 881 3840 qnae
911 3777 928 3818 a
954 3778 989 3820 re
1012 3777 1135 3840 quaque

132 3859 232 3934 firmt,
258 3861 426 3930 secundum
444 3859 606 3941 propriam
628 3879 716 3932 suam
743 3871 902 3936 naturam,
940 3873 973 3923 ut
997 3881 1014 3924 a
1034 3861 1137 3940 lapide

133 3965 304 4057 seeundum
330 3961 438 4052 lapidis
466 3973 629 4037 naturam,
670 3963 709 4026 ab
731 3961 804 4046 igne
836 3968 1002 4028 seeundum
1033 3962 1135 4048 ignis,
