2774 4756
217 457 220 464 Ι
265 372 341 436 ιιι

347 538 420 604 sarii
441 541 547 607 locum
565 533 740 627 ,συντόμως
767 539 903 604 afferens
925 535 1106 621 Γηλαίονς,
1142 561 1208 606 nou
1229 549 1264 606 ut

348 655 395 708 est
417 647 500 728 apud
523 642 678 709 Ortelium
702 644 876 719 deliacos,
901 641 1142 723 multominus,
1166 656 1202 707 ut
1218 657 1266 709 est

350 750 434 832 apud
454 750 664 830 Interpretem
683 737 864 830 Agellneoa
892 757 998 810 vocat.
1025 746 1136 830 Itaque
1151 747 1266 830 Fidus,

349 852 419 928 vel,
449 850 558 918 utalii
578 853 613 917 Γ
606 852 701 931 ηλοὶ,
723 848 848 930 Ιῇλοιι,
869 851 905 916 Γ
899 851 1007 929 etms,
1028 851 1064 916 Γ
1058 852 1167 918 statos
1184 853 1269 934 apud

351 953 495 1020 divorsos
518 965 664 1017 auctores
686 972 820 1036 prorsus
842 950 947 1016 iidem.
971 952 1142 1018 ‚Feminae
1164 966 1268 1019 autem

349 1050 514 1138 Γήλισσαι
537 1057 732 1121 dicebantur.
776 1055 823 1120 At
836 1049 961 1122 Γιλῶοι
975 1055 1030 1142 qui
1043 1058 1178 1124 Γιλαῖοι
1198 1079 1268 1123 sae-

349 1158 419 1243 pius
441 1173 472 1224 et
494 1161 662 1245 aliqnando
683 1160 848 1240 Γιλλαῐοι,
880 1156 1004 1224 Latinis
1026 1157 1148 1228 Getam
1166 1172 1198 1224 et
1213 1163 1270 1228 Ge·

354 1263 459 1331 denses
480 1263 699 1346 interdumque
714 1262 878 1330 Gelleuses
899 1260 932 1324 iu
954 1260 1060 1326 Sicilia
1081 1275 1166 1328 sumt.
1185 1265 1267 1328 Nam

350 1362 498 1445 Γελώονς
519 1367 638 1432 frustra
661 1364 837 1446 Stephanus
858 1364 1015 1448 repudiat.
1051 1366 1194 1436 Γελιῦνοι
1216 1369 1269 1430 de·

350 1468 444 1553 niq'ue
458 1469 491 1534 in
507 1468 681 1549 Sarmatia,
702 1466 816 1549 partim
831 1468 1019 1552 Europaea,
1042 1469 1158 1553 partim
1173 1470 1267 1536 Asia·

353 1573 427 1638 tica.
471 1575 589 1654 (idem)

268 1678 321 1759 ld)
351 1671 465 1766 παρὰ
484 1667 724 1765 Βάκτροις]
742 1671 919 1740 Caesarius
941 1675 966 1738 l.
989 1676 1105 1762 cit.‚de
1128 1676 1271 1742 Bactria·

234 1843 240 1856 ,
350 1778 397 1843 uis
420 1775 601 1842 mulieribus
623 1776 717 1852 uibil;
753 1789 787 1841 at
810 1778 947 1845 Susianis
977 1782 1085 1843 eadem
1112 1779 1268 1846 attribuit.

345 1877 402 1950 Ἐν
423 1882 459 1948 δὲ
481 1874 650 1961 Σούσοις,
670 1880 789 1965 inquit,
814 1882 872 1962 τῆς
886 1881 1088 1969 Βαβυλῶνος
1109 1886 1146 1950 αἱ
1158 1887 1271 1970 yonni-

354 2007 408 2061 ιιις
429 1987 528 2050 παντὶ
547 1975 641 2074 μῦριρ
663 1983 857 2075 διαφέροντι
867 1985 1013 2076 χρῶνται
1024 2034 1033 2065 ,
1054 1981 1272 2078 ῦιιηρετοῦμε·

352 2112 410 2155 ναι
431 2089 502 2172 καὶ)
516 2086 666 2179 φαιδρῶς
693 2088 895 2174 προϊοῦσαι,
932 2084 993 2155 σῦν
1018 2089 1190 2182 βλωσνρίρι
1218 2093 1275 2157 καὶ

356 2184 505 2279 διαχύσει
526 2189 640 2283 πολλῇ.
683 2189 801 2271 (idem)

270 2296 325 2378 11)
352 2298 422 2361 καὶ
443 2293 489 2386 τῇ
505 2287 727 2386 ’(1σροηνῇ]
748 2291 893 2358 Osroene
914 2295 1007 2379 regio
1023 2294 1132 2376 Syriae
1153 2295 1186 2360 in
1200 2295 1275 2360 Me·
1377 2291 1378 2296 ¹

353 2395 549 2480 sopotamiae
571 2394 710 2459 confinio
722 2442 732 2472 ,
769 2396 802 2460 iu
828 2419 890 2482 qua
913 2399 1033 2462 Edessa
1057 2411 1087 2462 et
1109 2399 1274 2482 Nicepho-

353 2499 457 2577 rium,
481 2500 575 2562 urbes
597 2497 685 2562 iuxta
706 2501 902 2582 Euphratem
922 2501 959 2566 fl.
990 2501 1064 2583 (Ο.)

272 2605 326 2685 15)
353 2599 478 2695 Παρὰ
503 2596 731 2693 Πάρθοις]
777 2599 934 2676 Cruentae
966 2605 1059 2670 huius
1095 2619 1126 2671 et
1160 2606 1276 2691 impiae

273 2737 278 2746 ·
356 2704 589 2771 consuetudinis
604 2703 793 2770 mentionem
815 2705 889 2772 alibi
910 2729 975 2771 non
996 2709 1138 2793 reperio.
1169 2711 1277 2776 Multa

356 2813 394 2874 de
416 2809 610 2874 Parthorum
632 2807 772 2872 moribus
801 2808 833 2873 in
862 2809 1021 2894 historicis
1043 2813 1276 2879 commentariis
1304 2873 1306 2878 .

358 2913 476 2978 Strabo
497 2910 685 2994 scripserat,
711 2923 744 2973 ut
765 2910 861 2998 Libr.
878 2914 1066 3000 Geograpb.
1090 2915 1154 2982 XI.
1177 2916 1278 3005 signi·

357 3017 443 3080 iicet.
488 3016 631 3098 (Viger.)

274 3124 328 3204 16)
352 3117 414 3187 Ἐν
426 3114 622 3207 Ἆροοις]
655 3117 856 3202 Intelligeudi
876 3119 1022 3186 fortassis
1044 3121 1167 3186 incolae
1188 3122 1279 3187 urbis

326 3226 532 3304 Atratum,
558 3221 596 3283 de
618 3241 680 3304 qua
702 3220 878 3304 Stephanus
901 3224 985 3304 Byz.
1000 3219 1163 3316 ’Ἁιριιιι
1184 3220 1280 3305 πόλις

349 3320 477 3451 paragr-d
494 3317 685 3444 Ενφρῦιον
707 3347 763 3390 και
790 3325 959 3414 Τίγρητος.
1002 3326 1075 3409 (0.)

274 3433 373 3514 17)
357 3454 397 3496 ιν
420 3429 466 3523 τῇ
487 3422 591 3519 σἰντῇ
608 3421 840 3521 Ἀνατολῇ]
872 3424 985 3494 scil.’
965 3426 1032 3496 αιιὸ
1054 3431 1114 3498 τοῦ
1131 3424 1281 3523 ’Erped-

358 3557 417 3600 τον
439 3529 589 3644 ποταμοῦ
610 3534 667 3595 ιιαι
686 3533 781 3617 μέχρι
804 3531 867 3598 τοῦ
870 3525 1084 3599 Ὠκεανοῦ
1062 3558 1105 3610 ως
1126 3532 1178 3601 ἐπὶ
1199 3527 1282 3600 ἀνα-

253 3645 255 3654 “
360 3630 475 3712 ιο1ιὰς,
496 3643 532 3696 nt
552 3632 583 3696 iu
606 3633 859 3696 antecedentibus
882 3633 1018 3699 dixerat.
1063 3635 1153 3717 (0.)

275 3743 329 3819 18)
357 3732 483 3827 Παρα
503 3738 545 3802 δὲ
567 3729 752 3814 Pedi-tote
774 3736 858 3818 ete]
902 3737 1067 3804 Germanis
1089 3739 1153 3805 boc
1176 3741 1282 3806 scelus

360 3837 500 3904 attribuit
524 3837 638 3904 Sextus
662 3837 841 3921 Empiricos
856 3839 1021 3921 Pyrrhon.
1039 3842 1165 3927 Hypot.
1182 3842 1281 3907 Libr.

359 3944 422 4012 111.
455 3939 537 4040 Cap.
561 3942 614 4006 21.
646 3948 676 4019 §.
713 3942 786 4034 199.
818 3937 888 4010 ὁῖον
908 3944 988 4029 γοῦν
1009 3941 1102 4032 παρὰ
1121 3939 1201 4034 ἡμῖν
1221 3953 1284 4032 μὲν
