2774 4756
1072 384 1134 450 319

211 559 411 647 Νέμεσιν
376 553 453 624 δ
433 553 500 624 απὸ
522 555 581 638 τῆς
602 550 727 649 ξκάσιῳ
752 550 991 643 διανεμήσεως,
996 551 1136 676 Ἀδρά-

162 686 325 734 .στιιαν
346 664 381 732 δὲ
403 654 909 748 ἀναπόδραστονάιτὶανόῦσαν
924 654 1136 752 κατὰφύσιν,

208 749 384 834 'Asiaene
406 759 457 831 ἆιὶ
480 759 585 831 ὀῦσαν
605 775 668 827 etc.
712 763 789 843 (0.)

148 871 183 952 3)
213 865 356 936 οὐδέ’
340 891 431 936 εστι
458 863 728 958 πεπρωμένη]
771 861 964 932 Aldinae
926 889 988 936 ουκ
1009 865 1080 933 ἔστι
1101 868 1137 932 δὲ

212 973 414 1068 πεπρωμένη.
457 964 581 1032 Num
564 963 625 1035 οὐκ
646 969 724 1048 ἐστι·
736 975 797 1054 μὲν
816 973 1029 1061 πεπρωμνη,
1050 971 1138 1033 utin

211 1072 492 1139 antecedentibus?
522 1071 595 1153 (O.)

148 1182 182 1262 4)
212 1174 286 1245 οὐκ
308 1177 397 1244 ἔστι
417 1184 490 1264 μὲν
512 1173 702 1262 νέμεσις]
726 1174 895 1241 ItaCasel.
914 1171 990 1244 οὐδὲ
976 1180 1138 1266 ὲνὲμισις

214 1283 324 1346 Lond.

150 1387 183 1466 5)
212 1378 537 1482 ἐπανόρθωσις]
571 1383 680 1447 Lond.
702 1376 946 1474 ἆπανόρθωσις
967 1403 1137 1468 operarum

216 1487 308 1553 vitio.
325 1480 485 1552 Ceterum
500 1487 538 1548 de
553 1481 617 1550 hoc
630 1483 791 1550 vocabulo
807 1497 838 1548 ct
853 1485 994 1549 affinibus
1017 1481 1138 1576 κατόρ-

212 1595 340 1678 θωμα,
361 1585 595 1679 καιόρθωσις,
617 1584 807 1675 διόρθωσις
828 1589 1008 1653 doctissime
1031 1589 1138 1673 dispu-

213 1706 259 1758 tat
281 1695 400 1758 Lobek
420 1691 462 1756 ad
483 1691 672 1774 Phrynich.
683 1713 719 1774 p.
742 1693 817 1757 250.
840 1713 932 1777 seqq.
956 1693 1030 1774 (Ο.)
1053 1694 1139 1758 Mox
1258 1683 1263 1692 ’

214 1788 286 1884 lege
309 1791 369 1863 οὐκ
391 1795 460 1862 ἔστι
482 1799 517 1862 δὲ
539 1799 641 1888 γέρως
662 1790 804 1875 ἀξίωσις.
840 1799 954 1878 (Cnsp.
975 1799 1097 1878 orell.)

154 1904 188 1982 6)
217 1895 459 1994 ἀφῄρηται]
480 1899 590 1967 Havn.
610 1911 642 1962 et
660 1897 769 1962 Casel.
791 1892 975 1989 ἀπείρηται.
997 1899 1139 1966 Viticse.

412 2110 422 2120 ”
523 2137 608 2181 cae.
632 2137 750 2178 xxm.

157 2336 189 2415 l)
219 2325 429 2413 δοξάντων
460 2325 602 2411 ἆιτία]
645 2333 780 2397 Aldinae
802 2331 949 2417 (quaem
969 2334 1140 2417 postremis

219 2436 311 2500 huius
334 2433 408 2498 libri
442 2433 596 2519 capitibus
623 2435 717 2518 plane
750 2437 946 2522 conspirant)
978 2433 1142 2520 δοξάντων

223 2535 309 2608 τινά.
341 2537 468 2602 vitiose.
984 2565 989 2578 ι

157 2645 192 2725 2)
222 2639 509 2721 ἅιτιασθαι]
522 2643 571 2708 Ita
593 2641 701 2706 Havn
724 2655 756 2706 et
779 2643 887 2710 Casei.
926 2639 1078 2712 Ceteri
1057 2667 1143 2712 αιτι-

67 2735 72 2746 “
214 2751 350 2824 αισα.
393 2747 495 2811 Mae.
1225 2831 1229 2838 Ι

160 2850 194 2930 3)
223 2843 272 2927 ὥς
303 2849 525 2941 περίττην]
566 2849 675 2916 Havn.
698 2862 729 2914 ct
751 2853 884 2917 Aldinae
906 2850 949 2932 ὡς
969 2849 1144 2945 ἀπέριττον

171 2955 312 3036 quod
332 2953 429 3017 menti
450 2955 590 3020 auctoris
618 2955 718 3038 plane
740 2955 932 3020 contrarium
961 2969 1020 3020 cst.
1068 2955 1143 3036 (0.)

224 3053 344 3123 Verius
358 3053 533 3121 vinemr
513 3061 714 3164 απὲραντον,
736 3063 821 3126 nihil
841 3079 979 3141 prorsus
1002 3058 1143 3154 concla-

223 3155 364 3223 dentem.
405 3153 524 3245 (Cnsp.
539 3161 643 3226 Orell.
645 3166 660 3241 )

163 3253 197 3336 4)
227 3251 414 3337 ἀιτίαις]
438 3253 964 3339 Οιεο1.αιιιόιςΗιινιι.ἀιιι’ων.

163 3361 198 3441 5)
227 3357 300 3426 διὰ
319 3384 393 3427 τον
378 3359 482 3443 τὸ]
519 3365 627 3429 Havn.
651 3361 709 3431 διὰ
729 3364 838 3430 τοῦτο.

165 3463 199 3541 6)
227 3458 387 3542 καὶτὸ]
416 3465 466 3530 Ita
488 3469 596 3532 Havn.
620 3470 704 3532 Edd.
727 3465 766 3534 τὸ
788 3473 852 3534 καὶ.

166 3565 200 3646 l)
227 3560 453 3660 παράξειν]
480 3567 537 3632 Sic
558 3571 675 3654 optime
697 3573 807 3635 Havn.
829 3565 963 3634 Aldinae
986 3578 1017 3629 et
1039 3563 1146 3630 Cascl.

117 3742 128 3769 ι
229 3690 430 3762 ιιπαραγαν
453 3669 629 3756 decipere,
646 3672 817 3741 ebducere
838 3694 861 3735 α
884 3691 978 3751 vero,
998 3673 1085 3773 quod
1098 3671 1147 3735 fa·

231 3770 354 3837 ciebant
375 3773 549 3860 sophistae.
593 3775 709 3838 Lond.
730 3768 892 3864 ταράξειν.
935 3772 980 3853 (0
983 3775 1008 3852 )
1140 3787 1147 3802 ”

168 3874 202 3956 8)
232 3881 302 3942 καὶ
323 3875 393 3944 διὰ
415 3877 511 3957 τοῦ]
545 3878 611 3942 Ant
634 3877 763 3941 delenda
786 3879 865 3940 hacc
882 3879 1003 3953 verba
1029 3887 1082 3940 ant
1103 3876 1148 3937 le·
1184 3908 1188 3921 ·

231 3981 366 4062 gendum
382 3979 437 4050 διὰ
452 3984 560 4050 τοῦτο.
603 3981 673 4046 Νοε
696 3991 842 4064 tanquam
863 3992 1009 4065 suspecta
1028 3977 1148 4044 uncinis
