2758 4760
211 421 270 527 τοι
326 467 330 476 ’

208 627 309 700 νδσιν.
348 626 453 698 H6
419 632 453 694 66
445 623 553 752 τύχη
575 632 630 692 καὶ
640 623 690 748 66
716 621 905 714 ἀντόματον
925 628 958 692 έν
975 631 1043 704 τοῖς
1066 619 1151 692 διΗ
1132 623 1218 742 αυτοὶ

207 833 396 925 χιχνύμενον
422 833 508 900 νατύι
530 829 649 920 τύχην,
686 829 745 898 οὐκ
767 831 830 920 ἔχει
854 829 914 954 666
930 827 1032 957 τύχην
1053 833 1086 897 έν
1107 827 1217 922 ἀντῷ

206 937 264 1006 διὰ
279 942 384 1006 ταῦτα
400 941 435 1004 δὲ
450 929 559 1004 οὐδ’
538 964 588 1057 ως
595 930 680 1013 έῑδός
691 960 725 1001 τε
742 941 797 1001 καὶ
812 931 849 1000 τὸ
871 935 904 1001 τέ
924 933 965 1016 66
978 937 1062 1002 έῐναι
1083 928 1162 1015 ⁴)''
1126 959 1217 1000 αιτια

207 1045 313 1109 ταῦτα
339 1067 408 1134 τοις
433 1035 523 1106 διΗ
503 1035 605 1106 6666·
641 1035 760 1164 τὸμὲν
780 1035 848 1157 666
871 1040 996 1115 έῖδος
980 1033 1150 1125 ενυπούρχει
1172 1040 1245 1130 66

208 1141 248 1211 66
266 1140 373 1211 ἆέτιύν
390 1146 476 1223 έστι,
498 1138 688 1263 6666666606
705 1143 738 1209 έν
755 1166 792 1236 τη
780 1135 868 1223 666
886 1147 941 1207 666
957 1144 1079 1260 μένον,
1093 1135 1218 1208 τούτων

206 1250 242 1314 δὲ
264 1243 443 1336 οὐδέτερον.
483 1241 652 1327 Ἀλλὰ]
606 1243 672 1366 666
689 1239 797 1312 οὐδ’
771 1272 818 1362 μς
831 1247 924 1322 τέλος
940 1249 996 1310 καὶ
1008 1240 1047 1309 τὸ
1063 1239 1102 1311 66
1118 1246 1219 1311 ἕνεκεν

206 1373 312 1416 αιτιον
334 1377 355 1430 η
383 1345 462 1469 τύχη
491 1375 525 1414 τε
551 1354 607 1415 666
632 1346 671 1414 τὸ
697 1343 903 1471 ἆυτύματον’
936 1343 1042 1414 οὐδενὶ
1066 1343 1130 1437 γὰρ
1156 1349 1220 1414 τῶν

154 1474 157 1480 ’
205 1456 404 1542 γιγνομένων
424 1447 444 1533 6
466 1448 546 1540 τύχη
569 1447 711 1529 σκοπός
733 1444 911 1542 66666666
913 1475 931 1516 ν
948 1447 1013 1541 766
1027 1452 1091 1517 τῶν
1108 1475 1218 1538 χιχνο-

204 1559 309 1643 μένον
333 1558 434 1622 ἕνεκέν
460 1578 549 1631 τινος
577 1550 754 1644 ὡρισμένος
776 1547 794 1618 ὁ
822 1550 959 1634 σκοπὸς,
996 1549 1154 1641 ἀόριστον
1183 1557 1220 1619 δὲ

206 1653 330 1724 τούτων
359 1652 520 1748 ἑκάτερον.
573 1651 680 1723 Ἀλλὰ
707 1652 773 1742 666
798 1658 826 1722 66
852 1657 884 1722 έν
904 1658 1016 1743 μηδενὶ
1036 1657 1099 1724 τῶν
1120 1657 1219 1745 τριιύν

206 1755 318 1826 ἇιτίων
337 1755 461 1826 τούτων
483 1762 569 1826 ἐστὶν
588 1753 609 1840 6
631 1755 728 1846 τύχη,
756 1754 778 1840 6
797 1755 928 1836 οὐδενός
949 1761 1037 1825 έστιν
1063 1755 1175 1840 ἆιτέα,
1197 1756 1219 1840 6

206 1863 252 1944 έὶη
272 1854 312 1928 66
335 1864 367 1930 έν
389 1867 459 1940 τοῖς
479 1867 673 1943 ποιητικοῖς.
716 1864 787 1928 Καὶ
807 1859 872 1951 666
890 1860 933 1927 τὰ
950 1858 1105 1941 ποιητικὰ
1126 1857 1219 1929 ἆίτια

205 1961 294 2042 τινὸς
315 1967 416 2032 ἕνεκεν
436 1971 527 2032 ποιεῖ
539 1961 583 2031 66
598 1960 774 2053 χιχνόμενα
791 1961 875 2053 πρὸς
893 1961 1017 2044 66666‘,
1054 1969 1107 2030 666
1130 1963 1220 2033 ἔστιν
1262 2024 1266 2030 .

206 2063 320 2145 ἇυτοῖς
352 2062 530 2159 ὡρισμένον
558 2073 591 2136 τὶ
622 2072 715 2146 τέλος
745 2068 972 2154 προκείμενον,
1010 2059 1116 2160 ὥσπερ
1137 2059 1159 2149 6
1185 2093 1219 2134 τε

206 2165 324 2264 φύσις,
357 2177 412 2238 666
437 2165 458 2252 6
486 2175 579 2260 τέχνη
603 2173 648 2252 ⁵),
686 2177 743 2237 666
765 2166 785 2253 6
809 2171 1015 2262 προαίρεσις,
1052 2167 1157 2238 οὐδενὶ
1184 2197 1220 2238 τε

204 2268 329 2342 τούτων
348 2270 485 2354 ταυτὸν,
507 2270 582 2341 6666
599 2273 637 2340 τὸ
652 2270 862 2360 ύυτόματον,
885 2271 958 2340 ὀύτε
974 2269 993 2357 6
1010 2269 1098 2362 τύχη.
1112 2270 1219 2342 ’Ἁλλο

203 2371 268 2467 χύρ
287 2400 320 2442 τι
339 2374 431 2468 παρὰ
452 2377 559 2443 ταῦτα
584 2373 707 2443 τούτων
731 2371 883 2468 ἑκάτερον
904 2380 986 2444 έῑναι
1008 2379 1105 2445 δοκεῖ.
1147 2380 1243 2470 Καὶ,

204 2475 246 2544 τὰ
273 2482 333 2566 μέν
364 2481 453 2546 ἐστιν
481 2475 660 2570 ὡρισμένα,
696 2485 752 2546 καὶ
784 2477 833 2572 66²
863 2475 1042 2570 ὡρισμένον
1071 2478 1143 2567 6766
1168 2483 1220 2547 τί·

147 2623 148 2631 1
204 2579 351 2649 ἄστατον
370 2581 398 2663 6)
421 2585 456 2648 δέ
478 2589 534 2650 καὶ
549 2577 708 2673 ἀόριστον
725 2579 763 2649 τὸ
785 2584 844 2664 τῆς
865 2579 972 2671 τύχης.
1010 2579 1060 2650 Ἐι
1075 2581 1115 2666 δὴ
1131 2587 1226 2652 δοκεῖ

203 2691 263 2771 μέν
274 2752 275 2755 ,
286 2681 378 2751 66'666
399 2686 494 2752 τινῶν
517 2687 623 2766 έῑνοιι,
637 2689 751 2773 μηδενὶ
765 2689 801 2753 δέ
815 2688 884 2752 ἐστι
898 2689 961 2753 τῶν
976 2683 1087 2754 ἆιτὶων
1100 2685 1219 2770 τᾶυτοὶ,

181 2797 185 2806 ’
204 2782 379 2854 κινδυνεύει
396 2783 418 2869 6
441 2783 520 2875 μηδ’
541 2779 625 2866 ὅλως
645 2791 745 2870 εἶναι,
773 2787 794 2872 6
816 2786 917 2868 ἄλλός
937 2814 988 2868 τις
1008 2787 1121 2858 οἷιτὶων
1141 2788 1219 2882 τρύ-

202 2915 265 3012 πος
286 2893 447 2972 ζητητέος.
500 2894 597 2973 Μηδὲ
619 2883 703 3011 ὅλοις
722 2901 783 3014 666
805 2890 863 2960 ὀῦν
885 2897 988 2980 λέγειν
1008 2897 1091 2961 έῑναι
1113 2891 1218 3020 6666,

203 2990 346 3074 ἄτοπον,
372 2989 554 3117 πράγματα
575 2991 740 3077 τοσαύτην
761 2993 852 3084 ισχύν
873 3000 907 3064 έν
927 3004 997 3076 τοῖς
1020 2995 1114 3066 ὀῦσιν
1136 3000 1218 3088 ἔχειν

202 3100 455 3197 πεπιστευμένα
491 3094 594 3175 ἄλλος
624 3101 661 3166 δέ
688 3101 737 3178 τίς
766 3096 837 3166 ποτ’
868 3096 909 3166 66
942 3104 988 3183 6'6
1019 3099 1111 3194 παρὰ
1140 3101 1219 3180 τούς

202 3203 466 3321 προειρημένους
477 3195 620 3325 τρύπους
635 3198 805 3321 7)ἇιτέων,·
848 3198 1019 3285 ΜήποτΗ
1003 3209 1078 3287 οὖν,
1100 3210 1166 3274 ἐπεὶ
1187 3213 1216 3287 ⁸)

202 3302 266 3368 τῶν
291 3297 404 3368 ἆιτίιον
429 3299 473 3368 τὰ
493 3307 553 3391 μέν
572 3306 641 3370 έστι
661 3302 787 3371 666'‘
767 3303 871 3387 αυτοὶ,
900 3307 942 3374 τοι
972 3312 1006 3375 δὲ
992 3307 1112 3376 66666
1134 3334 1217 3399 666-

201 3399 357 3524 βεβηχύς
393 3404 464 3493 ἔστι
484 3401 549 3497 χύρ
573 3430 648 3473 τινα
670 3413 726 3474 666
753 3407 840 3476 κατὰ
868 3409 1123 3535 συμβεβηκὸς
1103 3416 1215 3481 αι’τια·

201 3502 240 3571 τὸ
255 3503 373 3600 γὰρ
338 3508 384 3574 τῶ
404 3485 530 3575 666²
510 3507 593 3577 αυτὸ
614 3517 669 3578 666
691 3513 808 3603 κυρίως
825 3510 918 3606 ἆιτίῳ
940 3514 1029 3594 τινὸς
1051 3519 1217 3606 συμβεβη-

201 3605 279 3689 κὸς,
315 3606 400 3676 κατὰ
395 3610 689 3736 6666666666'
653 3640 775 3698 αιτιον,
808 3623 863 3685 666
884 3615 967 3685 6666
989 3622 1087 3687 τούτο
1112 3645 1216 3741 προη-

200 3715 368 3838 χουμένως
390 3699 431 3796 66
453 3710 575 3796 ἆτ’τιον,
597 3743 622 3808 6
645 3720 743 3786 τοῦτο
763 3716 970 3808 συμβεβήκει.
1009 3717 1107 3790 0
1066 3731 1127 3811 66
1149 3721 1215 3844 766

138 4007 141 4014 Ι
201 3915 288 3984 6666
307 3919 577 4007 συμβεβηκὸς,
564 3949 593 3989 ει
613 3924 661 4026 έίη
678 3925 724 3991 τῶ
746 3921 849 4018 ἰατρῷ
872 3929 970 3994 τοῦτο
993 3834 1229 4050 6666666669

201 4017 241 4088 τὸ
249 4019 322 4116 χδρ
344 4020 549 4112 συμβεβηκὸς
570 4049 615 4120 τῳ
635 4029 784 4098 ποιοῦντι
807 4029 977 4112 ποιητικὸν
999 4027 1105 4100 ἆέτιον
1129 4014 1229 4099 κατὰ
