2774 4756
244 394 305 455 tot

327 561 409 649 μύων
430 555 600 630 ἀπόδοσιν.
626 561 690 624 Sed
710 558 775 628 τῶν
796 553 908 628 ἄιτίων
928 558 1019 624 unice
1042 581 1154 626 verum
1176 579 1246 626 esse

331 687 402 728 cum
423 664 583 748 sequentia
606 666 742 739 docent,
766 674 832 726 tuna
853 663 885 726 in
907 662 1031 728 Codice
1053 685 1112 729 suo
1133 665 1177 728 ita
1197 665 1244 729 le·

330 767 414 854 gisse
437 767 561 830 videtur
583 765 758 851 Bagolinus
780 776 929 829 vertens:
964 769 1027 852 qai
1051 769 1117 831 λοο
1142 767 1247 852 modo

332 889 519 936 euasurum
536 869 803 951 assignationem
809 867 969 947 faciunt.
1016 868 1248 931 Schulthessius

325 969 494 1058 Ἰσθμίων
519 977 649 1031 estuans
667 968 709 1030 ita
730 967 888 1030 reddidit:
933 968 1167 1036 Wa'lrdenaieh
1188 992 1251 1034 uu·

323 1093 395 1138 sere
419 1073 546 1156 Gegner
564 1072 660 1134 nieht
680 1070 870 1133 lttcherlielt
893 1071 1060 1147 macheu,
1090 1090 1182 1132 wenu
1202 1071 1251 1133 aie

328 1173 390 1236 den
419 1169 534 1234 Gruad
558 1167 710 1250 angebat
738 1167 888 1246 andraian,
933 1189 1062 1232 warum
1083 1173 1171 1246 jetzt
1197 1167 1252 1231 die

326 1271 544 1338 Isthmiscden
564 1266 794 1348 Wettndmpfe
815 1268 976 1352 geleiten
996 1268 1134 1334 werden.
1177 1267 1251 1347 (0.)

268 1371 302 1453 8)
332 1366 569 1458 ιἰιτιοῖσιλαι
590 1364 657 1445 τὸ]
681 1369 731 1432 Ita
754 1366 1051 1433 cacelinacaeteri
1065 1365 1251 1437 ἆιτιᾶσθαι

332 1474 403 1540 τού.
438 1473 511 1552 (0.)
555 1472 603 1534 At
629 1470 682 1534 hie
702 1472 800 1556 longe
822 1470 931 1536 melius
951 1473 1048 1540 habet
1070 1473 1254 1544 Genitivus.

333 1578 432 1642 Plura
454 1575 597 1655 exempla
618 1573 861 1639 constructionis
876 1569 1060 1642 ἆιτιᾶσθαί
1073 1571 1149 1644 τινύ
1164 1601 1252 1655 τινος

334 1680 467 1762 praebet
489 1677 641 1759 Stephani
663 1677 859 1742 Thesaurus.
902 1681 1016 1761 (Oasp.
1038 1682 1157 1752 Orell.)

270 1786 305 1865 l)
332 1776 451 1862 τύξιν
472 1777 567 1875 τινὰ
588 1781 788 1868 ἐχουσῶν]
810 1782 964 1847 ItaMon.
979 1781 1086 1848 Casel.
1102 1786 1250 1849 etLond.

335 1879 427 1966 τάξιν
448 1880 523 1951 τινὰ
544 1882 655 1971 ἔχουσι
675 1884 784 1948 Havn.
807 1896 839 1947 et
859 1885 1007 1949 Aldinae.

255 1989 306 2071 d)
324 1981 408 2070 Ιτῆς
428 1989 506 2053 τῶν
526 1987 685 2079 καιρῶν
704 1989 964 2072 μεταβολῆς]
987 1989 1159 2055 ItaHavn.
1174 1991 1252 2055 Ald.

337 2093 370 2158 2.
393 2090 543 2176 Bagolin.
567 2102 598 2152 et
621 2090 765 2154 Grotius.
796 2091 853 2172 τῆς
874 2092 938 2159 τῶν
958 2093 1092 2183 καρπῶν
1110 2097 1253 2182 μεταβο.
1366 2179 1367 2182 ¹

105 2200 109 2210 '
209 2248 211 2254 .
336 2195 394 2274 λῆς
416 2195 542 2258 Aldt.
566 2195 723 2257 etLond.

273 2299 308 2382 ⁶)
337 2299 408 2363 τοῦ
429 2298 557 2364 θεῖον
578 2291 794 2383 σώματος]
817 2297 913 2362 Solis.
936 2299 975 2364 In
993 2302 1251 2384 praecedentibus

336 2422 398 2484 pro
420 2395 488 2466 ἀλλ’
513 2399 634 2467 ἐκείνου
656 2400 789 2464 Aldinae
810 2401 926 2465 habent
948 2398 1016 2470 ἀλλ’
1041 2406 1175 2475 ἐκείνων.

276 2505 310 2585 t)
338 2499 446 2570 κατα
476 2498 547 2569 τὸν
579 2499 700 2583 λοξὸν
733 2499 907 2586 κύκλον]
949 2525 1011 2586 per
1044 2509 1250 2576 Zodiacnm.

337 2607 480 2682 Proclusf
499 2609 537 2669 de
560 2606 703 2690 Sphaera
733 2629 811 2692 pag.
835 2609 889 2672 21.
929 2611 993 2690 (ed.
1017 2610 1191 2696 Antwerp.
1215 2617 1252 2677 de
1349 2679 1354 2694 ,

244 2717 254 2736 “
339 2732 422 2774 anno
446 2709 556 2789 1553.)
597 2705 707 2790 Λοξὸς
728 2713 765 2776 δέ
784 2712 854 2778 ἐστι
875 2704 992 2792 κύκλος
1014 2708 1032 2780 ὁ
1054 2716 1118 2782 τῶν
1139 2718 1255 2802 affiga-

338 2814 415 2880 δίων
430 2823 461 2875 et
474 2811 581 2895 paullo
596 2823 689 2895 post:
712 2809 806 2896 λοξὸς
826 2816 862 2880 dl
883 2818 1036 2898 κέκληται
1057 2812 1076 2884 ὁ
1098 2815 1256 2900 ζωδιακὸς

339 2910 476 2996 κύκλος,
513 2912 570 2981 aad
600 2913 639 2982 τὸ
668 2919 793 3003 τέμνειν
820 2913 898 2997 τούς
925 2916 1160 3008 παραλλήλους
1180 2918 1255 2990 κύκ-

341 3022 429 3096 λους.
473 3017 546 3098 (0.)

279 3125 314 3206 8)
342 3117 500 3202 ἆίτιος]
534 3121 587 3184 Sic
607 3122 685 3185 Ald.
704 3123 734 3185 1.
758 3133 790 3186 et
810 3123 919 3188 Lond.
943 3119 1049 3193 ἆίτιον
1069 3125 1147 3191 Ald.
1170 3128 1203 3192 2.
1227 3140 1258 3192 et

344 3224 450 3291 Casel.
493 3214 754 3308 Insequentibus
776 3227 882 3310 verbis
904 3231 959 3296 καὶ
981 3219 1034 3294 ὅτι
1053 3225 1097 3316 μύ
1120 3227 1178 3312 νύξ
1205 3233 1259 3294 de·

302 3411 304 3415 ¹
338 3328 469 3393 lendum
503 3327 628 3391 videtur
664 3318 733 3408 ὅτι,
770 3351 834 3414 quo
870 3341 1002 3414 recepto
1032 3333 1135 3398 oratio
1167 3333 1259 3400 lieret

343 3425 589 3508 ἆνακύλονθος.
632 3431 705 3511 (0.)
786 3423 789 3428 ’

148 3613 150 3620 Α
280 3537 314 3618 9)
341 3531 780 3621 ἐμαὲντλεκταιταῦτα
807 3529 1032 3618 ἀλλήλοις]
1075 3538 1257 3606 SicHavn.
1358 3561 1362 3570 ·

344 3639 428 3703 Edd.
451 3638 642 3722 ἐμπλέκεται
663 3660 693 3702 τ.
715 3663 748 3704 α.

263 3744 319 3825 10)
348 3739 399 3808 τὰ
420 3738 726 3823 dedalVidequae
738 3741 976 3808 observavimus
985 3766 1081 3829 supra
1092 3745 1259 3812 adC.Vl.

262 3858 316 3938 lt)
344 3847 402 3920 ὑπ’
427 3847 559 3918 ἀντῶν
579 3831 822 3939 λεγόμενοξ]
852 3854 986 3922 Aldinae
1008 3849 1059 3924 ὑπ’
1083 3851 1187 3925 ἄντοῦ
1209 3861 1260 3925 λε-

345 3949 490 4043 γόμενος.
533 3955 635 4021 Male.
