2758 4760
1073 433 1134 499 aot
1232 381 1238 390 ’

128 611 256 674 libertas
278 607 414 672 faciendi
434 608 485 671 vel
511 628 575 672 non
601 605 736 670 faciendi
760 607 793 672 id
818 610 857 670 ad
878 609 966 689 quod
992 605 1133 688 appetitu

125 723 307 776 moventur.
352 709 526 792 Reperitur
551 730 631 794 ergo
665 710 699 772 id
724 713 810 795 quod
829 709 863 772 in
885 720 1043 790 potestate
1061 731 1130 772 esse

70 796 73 804 ¹
126 814 255 878 dicimus
292 814 322 876 in
357 812 593 895 operationibus
626 833 707 896 quae
742 813 883 896 appetitu
914 834 948 875 se
984 824 1132 876 movente

97 987 98 992 ἵ
125 917 226 980 fiunt:
261 928 292 980 at
317 937 382 980 non
402 928 513 1004 contra
533 915 633 979 omnis
657 937 738 999 quae
765 916 907 1008 appetitu
929 927 1132 980 semovente

125 1021 160 1083 fit
189 1019 358 1104 operatio,
395 1018 427 1080 in
455 1041 489 1082 se
520 1020 615 1082 habet
646 1019 678 1083 id
709 1022 795 1102 quod
827 1019 859 1080 in
883 1031 1040 1102 potestate
1066 1041 1133 1083 esse

127 1121 256 1188 dicitur.
859 1144 861 1150 ’

549 1207 719 1272 XXXIV.

189 1331 308 1394 Annon
335 1351 414 1394 veru
441 1351 504 1393 non
533 1342 580 1392 est
604 1329 818 1415 ignorantium
850 1332 925 1414 quid
951 1331 1054 1394 dicant
1076 1351 1132 1394 ve·

123 1436 218 1498 ritate
243 1455 350 1497 rerum
379 1455 461 1518 quae
487 1433 586 1509 fiant,
622 1455 715 1516 quam
746 1433 807 1516 ipsi
841 1455 902 1517 per
933 1455 990 1497 sua
1020 1434 1136 1498 tollunt

58 1589 62 1597 .
123 1537 259 1621 placita,
283 1539 329 1599 uti
345 1529 543 1600 'adstruendo
561 1537 703 1618 placito,
729 1541 816 1622 quod
837 1538 867 1600 ei
888 1538 1015 1601 veritati
1039 1559 1135 1620 repu-

105 1627 228 1726 gnat?
258 1641 531 1704 Sumentes'cnim
553 1633 636 1716 hoc,
670 1661 781 1704 eorum
803 1659 883 1724 quae
908 1663 968 1723 per
993 1653 1136 1704 naturam
1169 1631 1171 1635 ’

129 1744 286 1807 exsistunt
306 1747 553 1828 unumquodque
572 1744 654 1807 Fato
669 1763 737 1806 esse
760 1747 822 1808 tale
844 1745 936 1828 quale
959 1757 1022 1821 est,
1048 1747 1137 1827 quasi

125 1848 208 1911 idem
238 1845 278 1910 sit
304 1869 373 1909 esse
401 1859 512 1910 natura
539 1859 570 1908 et
597 1848 697 1922 Fato,
737 1850 854 1910 addunt
882 1849 1014 1924 deinde,
1054 1849 1137 1911 Fato

123 1951 224 2036 igitur
247 1949 413 2014 animantia
435 1963 466 2013 et
492 1951 628 2014 sentiunt
654 1963 685 2013 et
709 1965 750 2014 ex
775 1951 916 2034 appetitu
947 1963 1133 2016 moventur:

125 2067 156 2117 et
191 2055 344 2137 quaedam
379 2053 545 2116 animantia
582 2067 754 2136 operantur
783 2067 921 2131 tantum,
967 2055 1134 2118 alia'vero
1178 2062 1181 2067 ’

124 2179 198 2220 cum
228 2157 355 2220 ratione·
384 2168 482 2241 agunt
521 2157 636 2238 partim
665 2160 794 2238 probe,
832 2157 946 2238 partim
975 2156 1135 2238 improbe.

127 2264 220 2325 Haec
240 2281 320 2323 vero
348 2281 418 2321 cum
444 2271 557 2321 natura
583 2259 651 2338 sint¹
665 2259 738 2323 talia
762 2260 794 2323 id
816 2273 863 2323 est
879 2263 983 2342 proba
1005 2247 1057 2322 uel
1078 2260 1137 2323 im·

114 2367 254 2449 proba,
295 2361 368 2448 qaiia
396 2363 475 2425 tales
510 2375 641 2425 naturae
667 2375 698 2426 ct
727 2363 889 2447 qiralitates
919 2383 983 2428 non
1008 2363 1136 2448 ignotae

124 2481 220 2544 sunt,
270 2466 343 2529 idco
384 2466 530 2530 oriuntur
562 2465 757 2530 laudationes
799 2480 830 2530 et
865 2467 1132 2550 vituperationes,

124 2571 268 2655 praemia
293 2581 324 2632 et
348 2591 484 2652 poenae.
529 2571 621 2632 Haec
657 2569 739 2633 enim
758 2570 848 2632 *inter
875 2593 909 2633 se
939 2589 1136 2653 consequen-

12 2677 14 2692 '
123 2677 200 2739 tiam
226 2687 258 2736 et
278 2673 426 2751 'ordinem
448 2675 583 2734 habent.
623 2673 669 2736 At
692 2695 860 2752 vcronon
887 2685 1134 2737 consentaneum

125 2791 175 2842 est
200 2781 281 2840 haec
304 2779 343 2840 ad
364 2799 436 2840 eum
459 2779 588 2839 modum
617 2775 708 2852 fieri,
748 2777 775 2840 si
805 2793 861 2840 eos
890 2777 1050 2860 sequimur
1082 2777 1135 2859 qui

125 2895 271 2946 naturam
298 2891 329 2942 et
356 2901 436 2962 quae
458 2899 499 2942 ex
525 2892 635 2942 natura
660 2880 760 2954 fiunt3
797 2883 835 2941 ad
862 2881 976 2942 Fatum
998 2879 1135 2942 necessi·

125 2999 288 3067 tatemque
315 2984 471 3064 referunt.
527 2983 679 3044 Naturale
711 2981 836 3064 quidem
859 2994 906 3045 est
932 2984 1137 3047 animantibus
1226 3011 1228 3019 ’

127 3112 200 3154 cum
225 3085 348 3149 ratione
368 3085 535 3168 agentibus
555 3107 651 3167 posse
675 3097 710 3147 et
731 3096 818 3146 recte
845 3097 876 3147 et
897 3107 996 3168 prave
1027 3107 1133 3172 agere,

47 3250 50 3254 .
128 3215 169 3256 eo
192 3192 280 3274 qaiod
301 3202 446 3252 nentrum
466 3189 583 3251 saciant
597 3209 639 3250 ex
659 3187 857 3250 necessitate.
886 3189 946 3250 'Et
964 3191 1028 3253 hoc
1047 3202 1133 3252 certe

129 3317 243 3358 verum
269 3305 316 3356 est
345 3303 375 3354 et
405 3291 450 3353 sic
482 3312 516 3354 se
542 3293 648 3354 habet.
707 3293 782 3354 Non
809 3302 910 3352 autem
943 3291 1020 3354 illud
1049 3297 1136 3374 quod

130 3399 305 3482 adiirngunt
333 3395 437 3458 omnia
466 3415 506 3456 cx
529 3395 716 3458 necessitate·
740 3409 798 3458 nos
824 3412 943 3478 agere3
981 3406 1135 3460 ettamen

131 3504 286 3585 qaaosdam
320 3522 390 3560 cum
419 3498 541 3561 ratione
563 3518 674 3581 vopera
707 3495 863 3560 edentium
899 3510 985 3560 recte
1019 3521 1134 3585 agere,

129 3622 266 3687 peecare
293 3603 391 3678 alios,
431 3605 487 3665 sed
511 3603 553 3665 ita
578 3613 613 3664 ut
636 3620 676 3665 ex
702 3599 885 3665 necessitate
908 3623 1037 3686 agamus
1059 3607 1137 3668 haec

132 3708 250 3772 omnia.
308 3709 391 3769 Ham
421 3709 590 3768 secundum
618 3705 705 3787 ipsos
741 3706 809 3768 ficri
842 3727 905 3768 non
934 3717 1061 3787 potest,
1100 3721 1136 3770 nt

131 3811 245 3873 talibus
274 3799 386 3891 positis
416 3812 512 3872 rebus
540 3809 812 3872 circumstantibus
837 3807 902 3871 non
932 3810 978 3872 sic
1006 3831 1135 3893 agamus

133 3926 167 3975 ut
182 3914 316 3998 agimus.
363 3913 411 3974 Ea
433 3933 512 3977 vero
528 3933 608 3996 quae
623 3933 682 3975 nos
701 3911 923 3987 circumstant,
948 3925 979 3974 et
1000 3926 1135 3994 propter

47 4071 50 4078 .
136 4037 214 4098 quac
247 4016 389 4098 agimus,
431 4036 470 4076 ex
504 4014 687 4078 necessitate
723 4036 782 4077 nos
819 4015 1031 4078 circumstant.
1064 4017 1136 4090 ‚Ar
