<?xml version="1.0" encoding="UTF-8"?>
<!DOCTYPE html PUBLIC "-//W3C//DTD XHTML 1.0 Transitional//EN"
    "http://www.w3.org/TR/xhtml1/DTD/xhtml1-transitional.dtd">
<html xmlns="http://www.w3.org/1999/xhtml" xml:lang="en" lang="en">
 <head>
  <title>
</title>
<meta http-equiv="Content-Type" content="text/html;charset=utf-8" />
  <meta name='ocr-system' content='tesseract 3.04.00' />
  <meta name='ocr-capabilities' content='ocr_page ocr_carea ocr_par ocr_line ocrx_word'/>
</head>
<body>
  <div class='ocr_page' id='page_1' title='image "./alexandriaphrod00bardgoog_0042.png"; bbox 0 0 2804 4762; ppageno 0'>
   <div class='ocr_carea' id='block_1_1' title="bbox 252 415 292 479">
    <p class='ocr_par' dir='ltr' id='par_1_1' title="bbox 252 415 292 479">
     <span class='ocr_line' id='line_1_1' title="bbox 252 415 292 479; baseline -0.025 0"><span class='ocrx_word' id='word_1_1' title='bbox 252 415 292 479; x_wconf 77' lang='lat'><strong><em>26</em></strong></span> 
     </span>
    </p>
   </div>
   <div class='ocr_carea' id='block_1_2' title="bbox 220 548 1356 4065">
    <p class='ocr_par' dir='ltr' id='par_1_2' title="bbox 221 548 1266 1068">
     <span class='ocr_line' id='line_1_2' title="bbox 233 548 1264 669; baseline -0.013 -17"><span class='ocrx_word' id='word_1_2' title='bbox 233 548 447 669; x_wconf 39' lang='grc' dir='ltr'><strong><em>’ἀυτομύτως</em></strong></span> <span class='ocrx_word' id='word_1_3' title='bbox 467 576 655 666; x_wconf 81' lang='grc' dir='ltr'><strong><em>γεγονέναι,</em></strong></span> <span class='ocrx_word' id='word_1_4' title='bbox 687 568 815 642; x_wconf 88' lang='grc' dir='ltr'><strong><em>τούτου</em></strong></span> <span class='ocrx_word' id='word_1_5' title='bbox 831 575 936 655; x_wconf 88' lang='grc' dir='ltr'><strong><em>ζητεῖν</em></strong></span> <span class='ocrx_word' id='word_1_6' title='bbox 957 569 1017 654; x_wconf 80' lang='grc' dir='ltr'><strong><em>τὴν</em></strong></span> <span class='ocrx_word' id='word_1_7' title='bbox 1037 568 1157 640; x_wconf 80' lang='grc' dir='ltr'><strong><em>ἅιτίαν.</em></strong></span> <span class='ocrx_word' id='word_1_8' title='bbox 1203 567 1264 640; x_wconf 83' lang='grc' dir='ltr'><strong><em>Διὸ</em></strong></span> 
     </span>
     <span class='ocr_line' id='line_1_3' title="bbox 221 667 1263 800; baseline -0.017 -45"><span class='ocrx_word' id='word_1_9' title='bbox 221 709 223 717; x_wconf 64' lang='grc'><strong>“</strong></span> <span class='ocrx_word' id='word_1_10' title='bbox 251 681 361 754; x_wconf 80' lang='grc' dir='ltr'><strong><em>οὐκέτι</em></strong></span> <span class='ocrx_word' id='word_1_11' title='bbox 373 678 435 750; x_wconf 82' lang='grc' dir='ltr'><strong><em>οῖ’</em></strong></span> <span class='ocrx_word' id='word_1_12' title='bbox 419 685 530 772; x_wconf 80' lang='grc' dir='ltr'><strong><em>ιατρολ</em></strong></span> <span class='ocrx_word' id='word_1_13' title='bbox 542 685 614 771; x_wconf 77' lang='grc' dir='ltr'><strong><em>περὶ</em></strong></span> <span class='ocrx_word' id='word_1_14' title='bbox 628 672 753 745; x_wconf 89' lang='grc' dir='ltr'><strong><em>τούτων</em></strong></span> <span class='ocrx_word' id='word_1_15' title='bbox 766 671 851 744; x_wconf 87' lang='grc' dir='ltr'><strong><em>ύύτω</em></strong></span> <span class='ocrx_word' id='word_1_16' title='bbox 864 679 1006 763; x_wconf 86' lang='grc' dir='ltr'><strong><em>λεγουσι,</em></strong></span> <span class='ocrx_word' id='word_1_17' title='bbox 1028 671 1089 766; x_wconf 80' lang='grc' dir='ltr'><strong><em>κᾷν</em></strong></span> <span class='ocrx_word' id='word_1_18' title='bbox 1096 667 1263 800; x_wconf 80' lang='grc' dir='ltr'><strong><em>τυγχάνω-</em></strong></span> 
     </span>
     <span class='ocr_line' id='line_1_4' title="bbox 252 765 1266 903; baseline -0.015 -46"><span class='ocrx_word' id='word_1_19' title='bbox 252 811 307 857; x_wconf 96' lang='grc' dir='ltr'><strong><em>σιν</em></strong></span> <span class='ocrx_word' id='word_1_20' title='bbox 328 781 437 854; x_wconf 76' lang='grc' dir='ltr'><strong><em>ἀυτῶν</em></strong></span> <span class='ocrx_word' id='word_1_21' title='bbox 460 783 508 852; x_wconf 83' lang='grc' dir='ltr'><strong><em>ἔτι</em></strong></span> <span class='ocrx_word' id='word_1_22' title='bbox 527 779 588 862; x_wconf 81' lang='grc' dir='ltr'><strong><em>τὰς</em></strong></span> <span class='ocrx_word' id='word_1_23' title='bbox 609 778 720 859; x_wconf 80' lang='grc' dir='ltr'><strong><em>εἰιτίας</em></strong></span> <span class='ocrx_word' id='word_1_24' title='bbox 741 775 944 903; x_wconf 82' lang='grc' dir='ltr'><strong><em>ύγνορυντες.</em></strong></span> <span class='ocrx_word' id='word_1_25' title='bbox 988 773 1103 848; x_wconf 74' lang='grc' dir='ltr'><strong><em>’οο</em></strong></span> <span class='ocrx_word' id='word_1_26' title='bbox 1065 805 1130 871; x_wconf 87' lang='grc' dir='ltr'><strong><em>γαρ</em></strong></span> <span class='ocrx_word' id='word_1_27' title='bbox 1148 773 1197 871; x_wconf 77' lang='grc' dir='ltr'><strong><em>ἐφ</em></strong></span> <span class='ocrx_word' id='word_1_28' title='bbox 1221 765 1266 843; x_wconf 82' lang='grc' dir='ltr'><strong><em>ὧν</em></strong></span> 
     </span>
     <span class='ocr_line' id='line_1_5' title="bbox 253 878 1265 1010; baseline -0.012 -53"><span class='ocrx_word' id='word_1_29' title='bbox 253 883 495 1010; x_wconf 66' lang='grc' dir='ltr'><strong><em>προειρήκαμεν</em></strong></span> <span class='ocrx_word' id='word_1_30' title='bbox 512 882 556 966; x_wconf 87' lang='grc' dir='ltr'><strong><em>ὡς</em></strong></span> <span class='ocrx_word' id='word_1_31' title='bbox 570 887 620 952; x_wconf 85' lang='grc' dir='ltr'><strong><em>έπῖ</em></strong></span> <span class='ocrx_word' id='word_1_32' title='bbox 635 880 765 952; x_wconf 82' lang='grc' dir='ltr'><strong><em>πάντων</em></strong></span> <span class='ocrx_word' id='word_1_33' title='bbox 777 879 843 950; x_wconf 80' lang='grc' dir='ltr'><strong><em>ἀπὸ</em></strong></span> <span class='ocrx_word' id='word_1_34' title='bbox 856 878 954 971; x_wconf 98' lang='grc' dir='ltr'><strong><em>τύχης</em></strong></span> <span class='ocrx_word' id='word_1_35' title='bbox 967 881 1265 969; x_wconf 88' lang='grc' dir='ltr'><strong><em>γίνεσθαιλεγομέ-</em></strong></span> 
     </span>
     <span class='ocr_line' id='line_1_6' title="bbox 942 977 1265 1068; baseline -0.016 -15"><span class='ocrx_word' id='word_1_36' title='bbox 942 980 1023 1068; x_wconf 83' lang='lat'>²⁶)‘</span> <span class='ocrx_word' id='word_1_37' title='bbox 1007 1011 1025 1053; x_wconf 95' lang='grc' dir='ltr'><strong><em>ο</em></strong></span> <span class='ocrx_word' id='word_1_38' title='bbox 1041 985 1192 1062; x_wconf 78' lang='grc' dir='ltr'><strong><em>τοιοῦτος</em></strong></span> <span class='ocrx_word' id='word_1_39' title='bbox 1208 977 1265 1048; x_wconf 86' lang='grc' dir='ltr'><strong><em>λύ-</em></strong></span> 
     </span>
    </p>

    <p class='ocr_par' dir='ltr' id='par_1_3' title="bbox 220 1077 1356 4065">
     <span class='ocr_line' id='line_1_7' title="bbox 250 1077 1266 1218; baseline -0.009 -56"><span class='ocrx_word' id='word_1_40' title='bbox 250 1119 312 1216; x_wconf 79' lang='grc' dir='ltr'><strong><em>χος</em></strong></span> <span class='ocrx_word' id='word_1_41' title='bbox 329 1093 388 1214; x_wconf 76' lang='grc' dir='ltr'><strong><em>τίχς</em></strong></span> <span class='ocrx_word' id='word_1_42' title='bbox 409 1087 508 1182; x_wconf 80' lang='grc' dir='ltr'><em>τύχης</em></span> <span class='ocrx_word' id='word_1_43' title='bbox 529 1087 571 1160; x_wconf 80' lang='grc' dir='ltr'><strong><em>ῖίν</em></strong></span> <span class='ocrx_word' id='word_1_44' title='bbox 596 1094 815 1218; x_wconf 74' lang='grc' dir='ltr'><em>κατηγοροῖτο</em></span> <span class='ocrx_word' id='word_1_45' title='bbox 836 1087 902 1171; x_wconf 79' lang='lat'>²⁷),</span> <span class='ocrx_word' id='word_1_46' title='bbox 929 1094 1002 1182; x_wconf 82' lang='grc' dir='ltr'><strong><em>περὶ</em></strong></span> <span class='ocrx_word' id='word_1_47' title='bbox 1026 1078 1070 1156; x_wconf 80' lang='grc' dir='ltr'><strong><em>ὧν</em></strong></span> <span class='ocrx_word' id='word_1_48' title='bbox 1092 1084 1197 1164; x_wconf 74' lang='grc' dir='ltr'><strong><em>οὐδεὶς</em></strong></span> <span class='ocrx_word' id='word_1_49' title='bbox 1222 1077 1266 1161; x_wconf 77' lang='grc' dir='ltr'><strong><em>ὥς</em></strong></span> 
     </span>
     <span class='ocr_line' id='line_1_8' title="bbox 249 1188 1264 1285; baseline -0.012 -20"><span class='ocrx_word' id='word_1_50' title='bbox 249 1193 318 1266; x_wconf 75' lang='grc' dir='ltr'><strong><em>ἀπὸ</em></strong></span> <span class='ocrx_word' id='word_1_51' title='bbox 332 1192 431 1285; x_wconf 88' lang='grc' dir='ltr'><strong><em>τύχης</em></strong></span> <span class='ocrx_word' id='word_1_52' title='bbox 440 1197 616 1284; x_wconf 79' lang='grc' dir='ltr'><strong><em>γινομένων</em></strong></span> <span class='ocrx_word' id='word_1_53' title='bbox 628 1195 696 1262; x_wconf 83' lang='grc' dir='ltr'><strong><em>ε’ῖπέ</em></strong></span> <span class='ocrx_word' id='word_1_54' title='bbox 705 1216 795 1260; x_wconf 91' lang='grc' dir='ltr'><strong><em>ποτε.</em></strong></span> <span class='ocrx_word' id='word_1_55' title='bbox 822 1193 890 1274; x_wconf 83' lang='grc' dir='ltr'><strong><em>Τῆς</em></strong></span> <span class='ocrx_word' id='word_1_56' title='bbox 903 1188 1039 1284; x_wconf 77' lang='grc' dir='ltr'><strong><em>μὲνγὰρ</em></strong></span> <span class='ocrx_word' id='word_1_57' title='bbox 1052 1189 1264 1283; x_wconf 73' lang='grc' dir='ltr'><strong><em>28)’)ευρέσεως</em></strong></span> 
     </span>
     <span class='ocr_line' id='line_1_9' title="bbox 251 1290 1266 1390; baseline -0.005 -22"><span class='ocrx_word' id='word_1_58' title='bbox 251 1302 312 1368; x_wconf 79' lang='grc' dir='ltr'><strong><em>τοῦ</em></strong></span> <span class='ocrx_word' id='word_1_59' title='bbox 323 1300 522 1390; x_wconf 74' lang='grc' dir='ltr'><em>θησαυροῦ,</em></span> <span class='ocrx_word' id='word_1_60' title='bbox 534 1303 591 1365; x_wconf 80' lang='grc' dir='ltr'><strong><em>καὶ</em></strong></span> <span class='ocrx_word' id='word_1_61' title='bbox 605 1299 665 1364; x_wconf 82' lang='grc' dir='ltr'><strong><em>τού</em></strong></span> <span class='ocrx_word' id='word_1_62' title='bbox 679 1291 717 1362; x_wconf 85' lang='grc' dir='ltr'><strong><em>τὸ</em></strong></span> <span class='ocrx_word' id='word_1_63' title='bbox 733 1290 948 1386; x_wconf 83' lang='grc' dir='ltr'><strong><em>ὀφειλόμενον</em></strong></span> <span class='ocrx_word' id='word_1_64' title='bbox 961 1298 1089 1382; x_wconf 77' lang='grc' dir='ltr'><strong><em>λαβεῖν,</em></strong></span> <span class='ocrx_word' id='word_1_65' title='bbox 1105 1293 1165 1363; x_wconf 78' lang='grc' dir='ltr'><strong><em>οὐκ</em></strong></span> <span class='ocrx_word' id='word_1_66' title='bbox 1182 1293 1266 1380; x_wconf 76' lang='grc' dir='ltr'><em>ἄδη-</em></span> 
     </span>
     <span class='ocr_line' id='line_1_10' title="bbox 251 1393 1267 1494; baseline -0.004 -23"><span class='ocrx_word' id='word_1_67' title='bbox 251 1407 294 1470; x_wconf 87' lang='grc' dir='ltr'><strong><em>λα</em></strong></span> <span class='ocrx_word' id='word_1_68' title='bbox 313 1398 516 1494; x_wconf 73' lang='grc' dir='ltr'><strong><em>ἀνθρωπίνῳ</em></strong></span> <span class='ocrx_word' id='word_1_69' title='bbox 533 1398 681 1490; x_wconf 78' lang='grc' dir='ltr'><strong><em>λογισμῷ</em></strong></span> <span class='ocrx_word' id='word_1_70' title='bbox 695 1393 739 1463; x_wconf 79' lang='grc' dir='ltr'><strong><em>τοί</em></strong></span> <span class='ocrx_word' id='word_1_71' title='bbox 751 1393 853 1479; x_wconf 83' lang='grc' dir='ltr'><strong><em>ύίτια,</em></strong></span> <span class='ocrx_word' id='word_1_72' title='bbox 876 1394 963 1466; x_wconf 78' lang='grc' dir='ltr'><strong><em>ἀλλὰ</em></strong></span> <span class='ocrx_word' id='word_1_73' title='bbox 978 1397 1107 1494; x_wconf 69' lang='grc' dir='ltr'><strong><em>φανεροί</em></strong></span> <span class='ocrx_word' id='word_1_74' title='bbox 1118 1406 1174 1467; x_wconf 81' lang='grc' dir='ltr'><strong><em>καὶ</em></strong></span> <span class='ocrx_word' id='word_1_75' title='bbox 1184 1395 1267 1492; x_wconf 84' lang='grc' dir='ltr'><strong><em>πρό-</em></strong></span> 
     </span>
     <span class='ocr_line' id='line_1_11' title="bbox 250 1495 1265 1595; baseline -0.003 -22"><span class='ocrx_word' id='word_1_76' title='bbox 250 1509 346 1588; x_wconf 81' lang='grc' dir='ltr'><strong><em>δηλα.</em></strong></span> <span class='ocrx_word' id='word_1_77' title='bbox 372 1505 440 1585; x_wconf 77' lang='grc' dir='ltr'><strong><em>Τῆς</em></strong></span> <span class='ocrx_word' id='word_1_78' title='bbox 452 1501 513 1590; x_wconf 72' lang='grc' dir='ltr'><strong><em>μέν</em></strong></span> <span class='ocrx_word' id='word_1_79' title='bbox 528 1499 593 1592; x_wconf 79' lang='grc' dir='ltr'><strong><em>γὰρ</em></strong></span> <span class='ocrx_word' id='word_1_80' title='bbox 607 1504 761 1592; x_wconf 85' lang='grc' dir='ltr'><strong><em>έυρέσεως</em></strong></span> <span class='ocrx_word' id='word_1_81' title='bbox 780 1495 818 1567; x_wconf 85' lang='grc' dir='ltr'><strong><em>τὸ</em></strong></span> <span class='ocrx_word' id='word_1_82' title='bbox 839 1496 975 1592; x_wconf 85' lang='grc' dir='ltr'><strong><em>ὀρύξαι,</em></strong></span> <span class='ocrx_word' id='word_1_83' title='bbox 997 1505 1091 1570; x_wconf 84' lang='grc' dir='ltr'><strong><em>τοῦδε</em></strong></span> <span class='ocrx_word' id='word_1_84' title='bbox 1114 1499 1153 1570; x_wconf 85' lang='grc' dir='ltr'><strong><em>τὸ</em></strong></span> <span class='ocrx_word' id='word_1_85' title='bbox 1172 1500 1265 1595; x_wconf 75' lang='grc' dir='ltr'><strong><em>ὀφει-</em></strong></span> 
     </span>
     <span class='ocr_line' id='line_1_12' title="bbox 249 1598 1265 1697; baseline -0.004 -20"><span class='ocrx_word' id='word_1_86' title='bbox 249 1604 388 1697; x_wconf 87' lang='grc' dir='ltr'><strong><em>λόμενον</em></strong></span> <span class='ocrx_word' id='word_1_87' title='bbox 401 1603 449 1687; x_wconf 72' lang='grc'><strong><em>29)</em></strong></span> <span class='ocrx_word' id='word_1_88' title='bbox 471 1608 585 1692; x_wconf 78' lang='grc' dir='ltr'><strong><em>λαβεῖν</em></strong></span> <span class='ocrx_word' id='word_1_89' title='bbox 606 1600 644 1671; x_wconf 83' lang='grc' dir='ltr'><strong><em>τὸ</em></strong></span> <span class='ocrx_word' id='word_1_90' title='bbox 666 1604 712 1680; x_wconf 84' lang='grc' dir='ltr'><strong><em>έις</em></strong></span> <span class='ocrx_word' id='word_1_91' title='bbox 730 1599 790 1684; x_wconf 79' lang='grc' dir='ltr'><strong><em>τὴν</em></strong></span> <span class='ocrx_word' id='word_1_92' title='bbox 806 1598 934 1696; x_wconf 74' lang='grc' dir='ltr'><strong><em>ἀγορὰν</em></strong></span> <span class='ocrx_word' id='word_1_93' title='bbox 957 1609 1152 1695; x_wconf 71' lang='grc' dir='ltr'><em>προελθεῖν·</em></span> <span class='ocrx_word' id='word_1_94' title='bbox 1188 1601 1265 1673; x_wconf 87' lang='grc' dir='ltr'><strong><em>ὀύτε</em></strong></span> 
     </span>
     <span class='ocr_line' id='line_1_13' title="bbox 249 1701 1265 1802; baseline -0.002 -23"><span class='ocrx_word' id='word_1_95' title='bbox 249 1707 316 1802; x_wconf 78' lang='grc' dir='ltr'><strong><em>γὰρ</em></strong></span> <span class='ocrx_word' id='word_1_96' title='bbox 332 1706 374 1778; x_wconf 81' lang='grc' dir='ltr'><strong><em>ύίν</em></strong></span> <span class='ocrx_word' id='word_1_97' title='bbox 392 1712 511 1786; x_wconf 80' lang='grc' dir='ltr'><strong><em>ἐκεῖνος</em></strong></span> <span class='ocrx_word' id='word_1_98' title='bbox 527 1704 573 1796; x_wconf 81' lang='grc' dir='ltr'><strong><em>μὴ</em></strong></span> <span class='ocrx_word' id='word_1_99' title='bbox 588 1701 740 1798; x_wconf 80' lang='grc' dir='ltr'><strong><em>ὀρύσσων</em></strong></span> <span class='ocrx_word' id='word_1_100' title='bbox 756 1707 863 1798; x_wconf 81' lang='grc' dir='ltr'><strong><em>ίῦρεν,</em></strong></span> <span class='ocrx_word' id='word_1_101' title='bbox 893 1702 968 1774; x_wconf 85' lang='grc' dir='ltr'><strong><em>ύύτε</em></strong></span> <span class='ocrx_word' id='word_1_102' title='bbox 982 1702 1080 1786; x_wconf 83' lang='grc' dir='ltr'><strong><em>ύῦτος</em></strong></span> <span class='ocrx_word' id='word_1_103' title='bbox 1090 1704 1137 1797; x_wconf 82' lang='grc' dir='ltr'><strong><em>μὴ</em></strong></span> <span class='ocrx_word' id='word_1_104' title='bbox 1147 1713 1265 1800; x_wconf 84' lang='grc' dir='ltr'><strong><em>προελ-</em></strong></span> 
     </span>
     <span class='ocr_line' id='line_1_14' title="bbox 249 1804 1265 1903; baseline -0.003 -21"><span class='ocrx_word' id='word_1_105' title='bbox 249 1810 328 1882; x_wconf 81' lang='grc' dir='ltr'><strong><em>θὼν</em></strong></span> <span class='ocrx_word' id='word_1_106' title='bbox 345 1809 384 1880; x_wconf 85' lang='grc' dir='ltr'><strong><em>τὸ</em></strong></span> <span class='ocrx_word' id='word_1_107' title='bbox 411 1806 626 1898; x_wconf 81' lang='grc' dir='ltr'><strong><em>ὀφειλόμενον</em></strong></span> <span class='ocrx_word' id='word_1_108' title='bbox 645 1809 771 1898; x_wconf 82' lang='grc' dir='ltr'><strong><em>ἔλαβεν.</em></strong></span> <span class='ocrx_word' id='word_1_109' title='bbox 818 1804 906 1876; x_wconf 77' lang='grc' dir='ltr'><strong><em>Ἀλλ’</em></strong></span> <span class='ocrx_word' id='word_1_110' title='bbox 924 1806 977 1876; x_wconf 83' lang='grc' dir='ltr'><strong><em>ύτι</em></strong></span> <span class='ocrx_word' id='word_1_111' title='bbox 996 1806 1043 1898; x_wconf 82' lang='grc' dir='ltr'><strong><em>μη</em></strong></span> <span class='ocrx_word' id='word_1_112' title='bbox 1060 1807 1265 1903; x_wconf 87' lang='grc' dir='ltr'><strong><em>προηγούμε-</em></strong></span> 
     </span>
     <span class='ocr_line' id='line_1_15' title="bbox 249 1905 1356 2006; baseline -0.002 -21"><span class='ocrx_word' id='word_1_113' title='bbox 249 1941 294 1986; x_wconf 88' lang='grc' dir='ltr'><strong><em>να</em></strong></span> <span class='ocrx_word' id='word_1_114' title='bbox 307 1919 353 1997; x_wconf 77' lang='lat'><strong><em>³⁰)</em></strong></span> <span class='ocrx_word' id='word_1_115' title='bbox 369 1910 493 1982; x_wconf 89' lang='grc' dir='ltr'><strong><em>τούτων</em></strong></span> <span class='ocrx_word' id='word_1_116' title='bbox 505 1910 600 1982; x_wconf 83' lang='grc' dir='ltr'><strong><em>ἆίτια</em></strong></span> <span class='ocrx_word' id='word_1_117' title='bbox 610 1915 839 2005; x_wconf 89' lang='grc' dir='ltr'><strong><em>προειρημένα,</em></strong></span> <span class='ocrx_word' id='word_1_118' title='bbox 851 1905 939 1979; x_wconf 78' lang='grc' dir='ltr'><strong><em>ἀλλὰ</em></strong></span> <span class='ocrx_word' id='word_1_119' title='bbox 952 1909 1055 1981; x_wconf 77' lang='grc' dir='ltr'><strong><em>ἄλλον</em></strong></span> <span class='ocrx_word' id='word_1_120' title='bbox 1066 1911 1155 1997; x_wconf 89' lang='grc' dir='ltr'><strong><em>τινὸς</em></strong></span> <span class='ocrx_word' id='word_1_121' title='bbox 1165 1910 1266 2006; x_wconf 80' lang='grc' dir='ltr'><strong><em>χάριν</em></strong></span> <span class='ocrx_word' id='word_1_122' title='bbox 1351 1937 1356 1954; x_wconf 74' lang='lat'><strong><em>‘</em></strong></span> 
     </span>
     <span class='ocr_line' id='line_1_16' title="bbox 250 2010 1264 2108; baseline -0.002 -20"><span class='ocrx_word' id='word_1_123' title='bbox 250 2020 387 2106; x_wconf 80' lang='grc' dir='ltr'><strong><em>ἐγένετο,</em></strong></span> <span class='ocrx_word' id='word_1_124' title='bbox 427 2013 485 2085; x_wconf 77' lang='grc' dir='ltr'><strong><em>διὰ</em></strong></span> <span class='ocrx_word' id='word_1_125' title='bbox 510 2017 612 2086; x_wconf 82' lang='grc' dir='ltr'><strong><em>τοῦτο</em></strong></span> <span class='ocrx_word' id='word_1_126' title='bbox 638 2012 705 2084; x_wconf 76' lang='grc' dir='ltr'><strong><em>ἀπὸ</em></strong></span> <span class='ocrx_word' id='word_1_127' title='bbox 733 2010 832 2104; x_wconf 84' lang='grc' dir='ltr'><strong><em>τύχης</em></strong></span> <span class='ocrx_word' id='word_1_128' title='bbox 860 2015 1018 2102; x_wconf 85' lang='grc' dir='ltr'><strong><em>γίνεσθαι</em></strong></span> <span class='ocrx_word' id='word_1_129' title='bbox 1038 2018 1264 2108; x_wconf 85' lang='grc' dir='ltr'><strong><em>προείληπται.</em></strong></span> 
     </span>
     <span class='ocr_line' id='line_1_17' title="bbox 241 2113 1264 2212; baseline -0.005 -20"><span class='ocrx_word' id='word_1_130' title='bbox 241 2119 374 2204; x_wconf 80' lang='grc' dir='ltr'><strong><em>’Ἁδηλοι</em></strong></span> <span class='ocrx_word' id='word_1_131' title='bbox 396 2123 431 2188; x_wconf 79' lang='grc' dir='ltr'><strong><em>δέ</em></strong></span> <span class='ocrx_word' id='word_1_132' title='bbox 451 2116 496 2186; x_wconf 83' lang='grc' dir='ltr'><strong><em>τὰ</em></strong></span> <span class='ocrx_word' id='word_1_133' title='bbox 515 2116 608 2186; x_wconf 80' lang='grc' dir='ltr'><strong><em>ἆίτια</em></strong></span> <span class='ocrx_word' id='word_1_134' title='bbox 632 2113 835 2210; x_wconf 75' lang='grc' dir='ltr'><strong><em>ἀνθρωπίνῳ</em></strong></span> <span class='ocrx_word' id='word_1_135' title='bbox 860 2120 1008 2212; x_wconf 77' lang='grc' dir='ltr'><strong><em>λογισμῷ</em></strong></span> <span class='ocrx_word' id='word_1_136' title='bbox 1030 2121 1155 2187; x_wconf 78' lang='grc' dir='ltr'><strong><em>ἐκείνων</em></strong></span> <span class='ocrx_word' id='word_1_137' title='bbox 1178 2122 1264 2208; x_wconf 82' lang='grc' dir='ltr'><strong><em>μᾶλ-</em></strong></span> 
     </span>
     <span class='ocr_line' id='line_1_18' title="bbox 248 2216 1262 2308; baseline -0.003 -14"><span class='ocrx_word' id='word_1_138' title='bbox 248 2229 315 2294; x_wconf 82' lang='grc' dir='ltr'><strong><em>λον</em></strong></span> <span class='ocrx_word' id='word_1_139' title='bbox 329 2226 382 2305; x_wconf 80' lang='lat'>³¹)‚</span> <span class='ocrx_word' id='word_1_140' title='bbox 395 2217 417 2290; x_wconf 86' lang='grc' dir='ltr'><strong><em>ύί</em></strong></span> <span class='ocrx_word' id='word_1_141' title='bbox 431 2217 518 2291; x_wconf 87' lang='grc' dir='ltr'><strong><em>κατύ</em></strong></span> <span class='ocrx_word' id='word_1_142' title='bbox 528 2247 621 2300; x_wconf 86' lang='grc' dir='ltr'><strong><em>τινας</em></strong></span> <span class='ocrx_word' id='word_1_143' title='bbox 632 2216 856 2299; x_wconf 68' lang='grc' dir='ltr'><strong><em>ἀντιπαθείας</em></strong></span> <span class='ocrx_word' id='word_1_144' title='bbox 868 2222 1027 2308; x_wconf 87' lang='grc' dir='ltr'><strong><em>γίνεσθαι</em></strong></span> <span class='ocrx_word' id='word_1_145' title='bbox 1041 2224 1262 2306; x_wconf 81' lang='grc' dir='ltr'><strong><em>πεπίστευται,</em></strong></span> 
     </span>
     <span class='ocr_line' id='line_1_19' title="bbox 248 2317 1262 2418; baseline -0.005 -22"><span class='ocrx_word' id='word_1_146' title='bbox 248 2324 471 2415; x_wconf 76' lang='grc' dir='ltr'><strong><em>ἀγνοουμένης</em></strong></span> <span class='ocrx_word' id='word_1_147' title='bbox 483 2321 660 2406; x_wconf 77' lang='grc' dir='ltr'><strong><em>τηςᾶιτίας</em></strong></span> <span class='ocrx_word' id='word_1_148' title='bbox 675 2319 715 2391; x_wconf 78' lang='grc' dir='ltr'><strong><em>δι’</em></strong></span> <span class='ocrx_word' id='word_1_149' title='bbox 731 2317 771 2405; x_wconf 74' lang='grc' dir='ltr'><strong><em>ἣν</em></strong></span> <span class='ocrx_word' id='word_1_150' title='bbox 784 2325 919 2410; x_wconf 88' lang='grc' dir='ltr'><strong><em>γίνεται.</em></strong></span> <span class='ocrx_word' id='word_1_151' title='bbox 949 2319 1023 2394; x_wconf 74' lang='grc' dir='ltr'><strong><em>Ὀἴα</em></strong></span> <span class='ocrx_word' id='word_1_152' title='bbox 1035 2320 1200 2418; x_wconf 87' lang='grc' dir='ltr'><strong><em>περίαπτύ</em></strong></span> <span class='ocrx_word' id='word_1_153' title='bbox 1214 2325 1262 2407; x_wconf 79' lang='lat'><strong><em>⁵²)</em></strong></span> 
     </span>
     <span class='ocr_line' id='line_1_20' title="bbox 248 2422 1264 2522; baseline -0.002 -23"><span class='ocrx_word' id='word_1_154' title='bbox 248 2434 287 2498; x_wconf 89' lang='grc' dir='ltr'><strong><em>τέ</em></strong></span> <span class='ocrx_word' id='word_1_155' title='bbox 314 2455 389 2498; x_wconf 90' lang='grc' dir='ltr'><strong><em>τινα</em></strong></span> <span class='ocrx_word' id='word_1_156' title='bbox 420 2428 654 2522; x_wconf 87' lang='grc' dir='ltr'><strong><em>προείληπται,</em></strong></span> <span class='ocrx_word' id='word_1_157' title='bbox 691 2422 848 2515; x_wconf 79' lang='grc' dir='ltr'><strong><em>οὐδεμίαν</em></strong></span> <span class='ocrx_word' id='word_1_158' title='bbox 872 2424 1007 2515; x_wconf 82' lang='grc' dir='ltr'><strong><em>έύλογον</em></strong></span> <span class='ocrx_word' id='word_1_159' title='bbox 1030 2434 1086 2495; x_wconf 86' lang='grc' dir='ltr'><strong><em>καὶ</em></strong></span> <span class='ocrx_word' id='word_1_160' title='bbox 1109 2426 1264 2512; x_wconf 81' lang='grc' dir='ltr'><strong><em>πιθανὴν</em></strong></span> 
     </span>
     <span class='ocr_line' id='line_1_21' title="bbox 248 2529 1263 2619; baseline -0.001 -18"><span class='ocrx_word' id='word_1_161' title='bbox 248 2529 360 2602; x_wconf 81' lang='grc' dir='ltr'><strong><em>ύιτίαν</em></strong></span> <span class='ocrx_word' id='word_1_162' title='bbox 383 2533 444 2600; x_wconf 83' lang='grc' dir='ltr'><strong><em>τοῦ</em></strong></span> <span class='ocrx_word' id='word_1_163' title='bbox 464 2532 574 2598; x_wconf 81' lang='grc' dir='ltr'><strong><em>ταῦτα</em></strong></span> <span class='ocrx_word' id='word_1_164' title='bbox 596 2534 701 2598; x_wconf 80' lang='grc' dir='ltr'><strong><em>ποιεῖν</em></strong></span> <span class='ocrx_word' id='word_1_165' title='bbox 726 2529 843 2619; x_wconf 80' lang='grc' dir='ltr'><strong><em>ἔχοντα</em></strong></span> <span class='ocrx_word' id='word_1_166' title='bbox 855 2580 864 2611; x_wconf 98' lang='grc'><strong><em>,</em></strong></span> <span class='ocrx_word' id='word_1_167' title='bbox 907 2529 1008 2598; x_wconf 79' lang='grc' dir='ltr'><strong><em>ἔτιδὲ</em></strong></span> <span class='ocrx_word' id='word_1_168' title='bbox 1030 2532 1074 2612; x_wconf 73' lang='lat'><strong><em>³³)</em></strong></span> <span class='ocrx_word' id='word_1_169' title='bbox 1096 2532 1263 2600; x_wconf 78' lang='grc' dir='ltr'><strong><em>έπαιοιδαῖ</em></strong></span> 
     </span>
     <span class='ocr_line' id='line_1_22' title="bbox 249 2627 1263 2725; baseline -0.003 -19"><span class='ocrx_word' id='word_1_170' title='bbox 249 2637 306 2706; x_wconf 87' lang='grc' dir='ltr'><strong><em>καί</em></strong></span> <span class='ocrx_word' id='word_1_171' title='bbox 325 2659 409 2713; x_wconf 86' lang='grc' dir='ltr'><strong><em>τινες</em></strong></span> <span class='ocrx_word' id='word_1_172' title='bbox 424 2636 581 2702; x_wconf 82' lang='grc' dir='ltr'><strong><em>τοιαῦται</em></strong></span> <span class='ocrx_word' id='word_1_173' title='bbox 602 2638 817 2723; x_wconf 66' lang='grc' dir='ltr'><strong><em>μαγγανείαν</em></strong></span> <span class='ocrx_word' id='word_1_174' title='bbox 840 2627 964 2701; x_wconf 89' lang='grc' dir='ltr'><strong><em>τούτων</em></strong></span> <span class='ocrx_word' id='word_1_175' title='bbox 976 2630 1040 2725; x_wconf 81' lang='grc' dir='ltr'><strong><em>γὰρ</em></strong></span> <span class='ocrx_word' id='word_1_176' title='bbox 1053 2629 1263 2722; x_wconf 88' lang='grc' dir='ltr'><strong><em>ὁμολογεῖται</em></strong></span> 
     </span>
     <span class='ocr_line' id='line_1_23' title="bbox 249 2731 1262 2832; baseline -0.005 -25"><span class='ocrx_word' id='word_1_177' title='bbox 249 2747 310 2828; x_wconf 84' lang='grc' dir='ltr'><strong><em>μέν</em></strong></span> <span class='ocrx_word' id='word_1_178' title='bbox 324 2733 388 2806; x_wconf 84' lang='grc' dir='ltr'><strong><em>ὑπὸ</em></strong></span> <span class='ocrx_word' id='word_1_179' title='bbox 406 2733 537 2806; x_wconf 77' lang='grc' dir='ltr'><strong><em>πάντων</em></strong></span> <span class='ocrx_word' id='word_1_180' title='bbox 554 2734 679 2832; x_wconf 78' lang='grc' dir='ltr'><strong><em>ὂίδηλος</em></strong></span> <span class='ocrx_word' id='word_1_181' title='bbox 696 2739 780 2804; x_wconf 82' lang='grc' dir='ltr'><strong><em>ε’ῖνοιι</em></strong></span> <span class='ocrx_word' id='word_1_182' title='bbox 796 2731 816 2818; x_wconf 79' lang='grc' dir='ltr'><em>ἡ</em></span> <span class='ocrx_word' id='word_1_183' title='bbox 835 2733 942 2818; x_wconf 83' lang='grc' dir='ltr'><strong><em>ιίιτία,</em></strong></span> <span class='ocrx_word' id='word_1_184' title='bbox 970 2733 1023 2804; x_wconf 78' lang='grc' dir='ltr'><strong><em>διὸ</em></strong></span> <span class='ocrx_word' id='word_1_185' title='bbox 1041 2743 1097 2803; x_wconf 87' lang='grc' dir='ltr'><strong><em>καὶ</em></strong></span> <span class='ocrx_word' id='word_1_186' title='bbox 1113 2733 1262 2805; x_wconf 82' lang='grc' dir='ltr'><strong><em>ἆναιτιο-</em></strong></span> 
     </span>
     <span class='ocr_line' id='line_1_24' title="bbox 251 2832 1293 2928; baseline -0.009 -19"><span class='ocrx_word' id='word_1_187' title='bbox 251 2837 378 2928; x_wconf 87' lang='grc' dir='ltr'><strong><em>λόγητα</em></strong></span> <span class='ocrx_word' id='word_1_188' title='bbox 389 2843 539 2928; x_wconf 87' lang='grc' dir='ltr'><strong><em>λέγουσιν</em></strong></span> <span class='ocrx_word' id='word_1_189' title='bbox 550 2834 652 2908; x_wconf 79' lang='grc' dir='ltr'><strong><em>ἆυτύ·</em></strong></span> <span class='ocrx_word' id='word_1_190' title='bbox 675 2835 781 2917; x_wconf 76' lang='grc' dir='ltr'><strong><em>οὐδεὶς</em></strong></span> <span class='ocrx_word' id='word_1_191' title='bbox 794 2840 829 2906; x_wconf 81' lang='grc' dir='ltr'><strong><em>δέ</em></strong></span> <span class='ocrx_word' id='word_1_192' title='bbox 843 2834 909 2906; x_wconf 82' lang='grc' dir='ltr'><strong><em>ἀπὸ</em></strong></span> <span class='ocrx_word' id='word_1_193' title='bbox 924 2832 1023 2926; x_wconf 88' lang='grc' dir='ltr'><strong><em>τύχης</em></strong></span> <span class='ocrx_word' id='word_1_194' title='bbox 1037 2835 1162 2908; x_wconf 89' lang='grc' dir='ltr'><strong><em>τούτων</em></strong></span> <span class='ocrx_word' id='word_1_195' title='bbox 1173 2865 1205 2907; x_wconf 93' lang='grc' dir='ltr'><strong><em>τι</em></strong></span> <span class='ocrx_word' id='word_1_196' title='bbox 1217 2832 1263 2921; x_wconf 73' lang='lat'><strong><em>⁵⁴)</em></strong></span> <span class='ocrx_word' id='word_1_197' title='bbox 1290 2895 1293 2900; x_wconf 90' lang='lat'><em>.</em></span> 
     </span>
     <span class='ocr_line' id='line_1_25' title="bbox 251 2934 1264 3034; baseline -0.005 -21"><span class='ocrx_word' id='word_1_198' title='bbox 251 2950 356 3014; x_wconf 84' lang='grc' dir='ltr'><strong><em>ποιεῖν</em></strong></span> <span class='ocrx_word' id='word_1_199' title='bbox 374 2947 476 3030; x_wconf 84' lang='grc' dir='ltr'><strong><em>λέχει,</em></strong></span> <span class='ocrx_word' id='word_1_200' title='bbox 513 2934 566 3010; x_wconf 78' lang='grc' dir='ltr'><strong><em>ὅτι</em></strong></span> <span class='ocrx_word' id='word_1_201' title='bbox 586 2942 797 3010; x_wconf 83' lang='grc' dir='ltr'><strong><em>πεπίστευται</em></strong></span> <span class='ocrx_word' id='word_1_202' title='bbox 817 2935 905 3009; x_wconf 84' lang='grc' dir='ltr'><strong><em>κατύ</em></strong></span> <span class='ocrx_word' id='word_1_203' title='bbox 921 2965 995 3010; x_wconf 88' lang='grc' dir='ltr'><strong><em>τινα</em></strong></span> <span class='ocrx_word' id='word_1_204' title='bbox 1014 2935 1193 3034; x_wconf 79' lang='grc' dir='ltr'><strong><em>ὡρισμένην</em></strong></span> <span class='ocrx_word' id='word_1_205' title='bbox 1210 2937 1264 3008; x_wconf 71' lang='lat'><em>0³01-</em></span> 
     </span>
     <span class='ocr_line' id='line_1_26' title="bbox 250 3038 1262 3133; baseline -0.004 -17"><span class='ocrx_word' id='word_1_206' title='bbox 250 3049 345 3128; x_wconf 89' lang='grc' dir='ltr'><strong><em>τίαν,</em></strong></span> <span class='ocrx_word' id='word_1_207' title='bbox 373 3043 500 3115; x_wconf 83' lang='grc' dir='ltr'><strong><em>ύίποιεῖ</em></strong></span> <span class='ocrx_word' id='word_1_208' title='bbox 509 3050 615 3114; x_wconf 87' lang='grc' dir='ltr'><strong><em>ποιεῖν</em></strong></span> <span class='ocrx_word' id='word_1_209' title='bbox 629 3047 692 3126; x_wconf 76' lang='lat'>³⁵),</span> <span class='ocrx_word' id='word_1_210' title='bbox 714 3040 757 3123; x_wconf 81' lang='grc' dir='ltr'><strong><em>ὡς</em></strong></span> <span class='ocrx_word' id='word_1_211' title='bbox 778 3045 840 3112; x_wconf 79' lang='grc' dir='ltr'><strong><em>τῶν</em></strong></span> <span class='ocrx_word' id='word_1_212' title='bbox 860 3040 926 3111; x_wconf 82' lang='grc' dir='ltr'><strong><em>ἀπὸ</em></strong></span> <span class='ocrx_word' id='word_1_213' title='bbox 937 3040 1061 3133; x_wconf 81' lang='grc' dir='ltr'><strong><em>τύχης,</em></strong></span> <span class='ocrx_word' id='word_1_214' title='bbox 1089 3042 1127 3113; x_wconf 82' lang='grc' dir='ltr'><strong><em>οὐ</em></strong></span> <span class='ocrx_word' id='word_1_215' title='bbox 1146 3042 1202 3112; x_wconf 81' lang='grc' dir='ltr'><strong><em>διὰ</em></strong></span> <span class='ocrx_word' id='word_1_216' title='bbox 1216 3038 1262 3126; x_wconf 71' lang='lat'><strong><em>³⁶)</em></strong></span> 
     </span>
     <span class='ocr_line' id='line_1_27' title="bbox 250 3142 1264 3234; baseline -0.004 -16"><span class='ocrx_word' id='word_1_217' title='bbox 250 3147 289 3218; x_wconf 88' lang='grc' dir='ltr'><strong><em>τὸ</em></strong></span> <span class='ocrx_word' id='word_1_218' title='bbox 310 3151 367 3234; x_wconf 85' lang='grc' dir='ltr'><strong><em>τῆς</em></strong></span> <span class='ocrx_word' id='word_1_219' title='bbox 388 3145 499 3228; x_wconf 83' lang='grc' dir='ltr'><strong><em>ύιτίας</em></strong></span> <span class='ocrx_word' id='word_1_220' title='bbox 520 3146 645 3231; x_wconf 75' lang='grc' dir='ltr'><strong><em>ἄδηλον</em></strong></span> <span class='ocrx_word' id='word_1_221' title='bbox 667 3142 752 3214; x_wconf 86' lang='grc' dir='ltr'><strong><em>ύύτω</em></strong></span> <span class='ocrx_word' id='word_1_222' title='bbox 774 3147 933 3233; x_wconf 84' lang='grc' dir='ltr'><strong><em>γίνεσθαι</em></strong></span> <span class='ocrx_word' id='word_1_223' title='bbox 959 3150 1154 3234; x_wconf 75' lang='grc' dir='ltr'><strong><em>λεγομένοιν,</em></strong></span> <span class='ocrx_word' id='word_1_224' title='bbox 1176 3144 1264 3215; x_wconf 75' lang='grc' dir='ltr'><strong><em>ἄλλα</em></strong></span> 
     </span>
     <span class='ocr_line' id='line_1_28' title="bbox 250 3247 1265 3342; baseline -0.003 -21"><span class='ocrx_word' id='word_1_225' title='bbox 250 3250 363 3322; x_wconf 80' lang='grc' dir='ltr'><strong><em>διὰτὸ</em></strong></span> <span class='ocrx_word' id='word_1_226' title='bbox 381 3248 530 3322; x_wconf 77' lang='grc' dir='ltr'><strong><em>ἀναίτιον</em></strong></span> <span class='ocrx_word' id='word_1_227' title='bbox 550 3252 609 3332; x_wconf 80' lang='grc' dir='ltr'><strong><em>τῆς</em></strong></span> <span class='ocrx_word' id='word_1_228' title='bbox 624 3253 871 3341; x_wconf 77' lang='grc' dir='ltr'><strong><em>προηγουμένης</em></strong></span> <span class='ocrx_word' id='word_1_229' title='bbox 892 3256 997 3318; x_wconf 79' lang='grc' dir='ltr'><strong><em>τεκαὶ</em></strong></span> <span class='ocrx_word' id='word_1_230' title='bbox 1016 3253 1133 3342; x_wconf 85' lang='grc' dir='ltr'><strong><em>κυρίως</em></strong></span> <span class='ocrx_word' id='word_1_231' title='bbox 1143 3247 1265 3330; x_wconf 83' lang='grc' dir='ltr'><strong><em>ἇιτίας.</em></strong></span> 
     </span>
     <span class='ocr_line' id='line_1_29' title="bbox 314 3449 1262 3545; baseline -0.004 -17"><span class='ocrx_word' id='word_1_232' title='bbox 314 3462 385 3528; x_wconf 87' lang='grc' dir='ltr'><strong><em>Καὶ</em></strong></span> <span class='ocrx_word' id='word_1_233' title='bbox 403 3458 545 3527; x_wconf 79' lang='grc' dir='ltr'><strong><em>τοιαῦτα</em></strong></span> <span class='ocrx_word' id='word_1_234' title='bbox 561 3463 622 3545; x_wconf 80' lang='grc' dir='ltr'><strong><em>μέν</em></strong></span> <span class='ocrx_word' id='word_1_235' title='bbox 632 3450 677 3522; x_wconf 82' lang='grc' dir='ltr'><strong><em>τύ</em></strong></span> <span class='ocrx_word' id='word_1_236' title='bbox 690 3455 741 3522; x_wconf 79' lang='grc' dir='ltr'><strong><em>ἐπὶ</em></strong></span> <span class='ocrx_word' id='word_1_237' title='bbox 753 3453 812 3537; x_wconf 79' lang='grc' dir='ltr'><strong><em>τῆς</em></strong></span> <span class='ocrx_word' id='word_1_238' title='bbox 826 3449 924 3544; x_wconf 84' lang='grc' dir='ltr'><strong><em>τύχης</em></strong></span> <span class='ocrx_word' id='word_1_239' title='bbox 936 3455 962 3536; x_wconf 89' lang='lat'><strong><em>¹)</em></strong></span> <span class='ocrx_word' id='word_1_240' title='bbox 982 3450 1033 3523; x_wconf 83' lang='grc' dir='ltr'><strong><em>ὑπ’</em></strong></span> <span class='ocrx_word' id='word_1_241' title='bbox 1048 3451 1155 3525; x_wconf 76' lang='grc' dir='ltr'><strong><em>ἀυτῶν</em></strong></span> <span class='ocrx_word' id='word_1_242' title='bbox 1169 3451 1262 3544; x_wconf 84' lang='grc' dir='ltr'><strong><em>λεγό-</em></strong></span> 
     </span>
     <span class='ocr_line' id='line_1_30' title="bbox 249 3551 1262 3680; baseline -0.009 -47"><span class='ocrx_word' id='word_1_243' title='bbox 249 3587 349 3652; x_wconf 85' lang='grc' dir='ltr'><strong><em>μενοι,</em></strong></span> <span class='ocrx_word' id='word_1_244' title='bbox 382 3568 438 3632; x_wconf 83' lang='grc' dir='ltr'><strong><em>καί</em></strong></span> <span class='ocrx_word' id='word_1_245' title='bbox 454 3557 539 3629; x_wconf 88' lang='grc' dir='ltr'><strong><em>ὁύτω</em></strong></span> <span class='ocrx_word' id='word_1_246' title='bbox 561 3564 631 3637; x_wconf 84' lang='grc' dir='ltr'><strong><em>τοῖς</em></strong></span> <span class='ocrx_word' id='word_1_247' title='bbox 652 3561 810 3678; x_wconf 73' lang='grc' dir='ltr'><strong><em>κειμένοις</em></strong></span> <span class='ocrx_word' id='word_1_248' title='bbox 830 3554 1026 3680; x_wconf 66' lang='grc' dir='ltr'><strong><em>συνχύδοντα,</em></strong></span> <span class='ocrx_word' id='word_1_249' title='bbox 1049 3551 1126 3629; x_wconf 81' lang='grc' dir='ltr'><strong><em>Ὅτι</em></strong></span> <span class='ocrx_word' id='word_1_250' title='bbox 1148 3563 1262 3628; x_wconf 76' lang='grc' dir='ltr'><strong><em>δὲκαὶ</em></strong></span> 
     </span>
     <span class='ocr_line' id='line_1_31' title="bbox 247 3656 1262 3762; baseline -0.005 -27"><span class='ocrx_word' id='word_1_251' title='bbox 247 3664 288 3736; x_wconf 88' lang='grc' dir='ltr'><strong><em>τὸ</em></strong></span> <span class='ocrx_word' id='word_1_252' title='bbox 308 3658 513 3754; x_wconf 78' lang='grc' dir='ltr'><strong><em>ἐνδεχόμενόν</em></strong></span> <span class='ocrx_word' id='word_1_253' title='bbox 537 3685 572 3729; x_wconf 92' lang='grc' dir='ltr'><strong><em>τε</em></strong></span> <span class='ocrx_word' id='word_1_254' title='bbox 591 3666 647 3728; x_wconf 84' lang='grc' dir='ltr'><strong><em>καὶ</em></strong></span> <span class='ocrx_word' id='word_1_255' title='bbox 670 3657 709 3762; x_wconf 81' lang='grc' dir='ltr'><strong><em>τὸ</em></strong></span> <span class='ocrx_word' id='word_1_256' title='bbox 736 3656 863 3758; x_wconf 85' lang='grc' dir='ltr'><strong><em>ὁπύτερ</em></strong></span> <span class='ocrx_word' id='word_1_257' title='bbox 889 3661 979 3751; x_wconf 78' lang='grc' dir='ltr'><strong><em>ἔτυχε</em></strong></span> <span class='ocrx_word' id='word_1_258' title='bbox 1003 3663 1160 3750; x_wconf 87' lang='grc' dir='ltr'><strong><em>γίνεσθαί</em></strong></span> <span class='ocrx_word' id='word_1_259' title='bbox 1185 3687 1262 3734; x_wconf 88' lang='grc' dir='ltr'><strong><em>τινα</em></strong></span> 
     </span>
     <span class='ocr_line' id='line_1_32' title="bbox 248 3751 1261 3858; baseline -0.004 -20"><span class='ocrx_word' id='word_1_260' title='bbox 248 3766 314 3838; x_wconf 88' lang='grc' dir='ltr'><strong><em>ύπὸ</em></strong></span> <span class='ocrx_word' id='word_1_261' title='bbox 327 3772 393 3838; x_wconf 84' lang='grc' dir='ltr'><strong><em>τῶν</em></strong></span> <span class='ocrx_word' id='word_1_262' title='bbox 403 3762 513 3835; x_wconf 78' lang='grc' dir='ltr'><strong><em>πάντα</em></strong></span> <span class='ocrx_word' id='word_1_263' title='bbox 524 3759 589 3846; x_wconf 82' lang='grc' dir='ltr'><strong><em>ἐξ</em></strong></span> <span class='ocrx_word' id='word_1_264' title='bbox 569 3751 714 3852; x_wconf 81' lang='grc' dir='ltr'><strong><em>ανάγκης</em></strong></span> <span class='ocrx_word' id='word_1_265' title='bbox 724 3766 882 3852; x_wconf 89' lang='grc' dir='ltr'><strong><em>γίνεσθαι</em></strong></span> <span class='ocrx_word' id='word_1_266' title='bbox 893 3761 1085 3851; x_wconf 86' lang='grc' dir='ltr'><strong><em>λεγόντων</em></strong></span> <span class='ocrx_word' id='word_1_267' title='bbox 1066 3774 1261 3858; x_wconf 87' lang='grc' dir='ltr'><strong><em>αναιρεῖται,</em></strong></span> 
     </span>
     <span class='ocr_line' id='line_1_33' title="bbox 249 3862 1263 3959; baseline -0.002 -19"><span class='ocrx_word' id='word_1_268' title='bbox 249 3868 401 3942; x_wconf 81' lang='grc' dir='ltr'><strong><em>ύυτόθεν</em></strong></span> <span class='ocrx_word' id='word_1_269' title='bbox 419 3862 602 3959; x_wconf 80' lang='grc' dir='ltr'><strong><em>πρόδηλον,</em></strong></span> <span class='ocrx_word' id='word_1_270' title='bbox 625 3870 687 3956; x_wconf 87' lang='grc' dir='ltr'><strong><em>έίγε</em></strong></span> <span class='ocrx_word' id='word_1_271' title='bbox 710 3868 816 3936; x_wconf 80' lang='grc' dir='ltr'><strong><em>ταῦτα</em></strong></span> <span class='ocrx_word' id='word_1_272' title='bbox 836 3874 897 3954; x_wconf 79' lang='grc' dir='ltr'><strong><em>μέν</em></strong></span> <span class='ocrx_word' id='word_1_273' title='bbox 918 3869 1035 3956; x_wconf 85' lang='grc' dir='ltr'><strong><em>κυρίως</em></strong></span> <span class='ocrx_word' id='word_1_274' title='bbox 1051 3872 1263 3958; x_wconf 77' lang='grc' dir='ltr'><strong><em>ἐνδεχομένως</em></strong></span> 
     </span>
     <span class='ocr_line' id='line_1_34' title="bbox 220 3961 1262 4065; baseline -0.006 -19"><span class='ocrx_word' id='word_1_275' title='bbox 220 3991 224 4002; x_wconf 75' lang='grc'><em>’</em></span> <span class='ocrx_word' id='word_1_276' title='bbox 248 3977 407 4064; x_wconf 79' lang='grc' dir='ltr'><strong><em>γίνεσθαι</em></strong></span> <span class='ocrx_word' id='word_1_277' title='bbox 423 3975 568 4058; x_wconf 85' lang='grc' dir='ltr'><strong><em>λέγεται,</em></strong></span> <span class='ocrx_word' id='word_1_278' title='bbox 591 3968 640 4065; x_wconf 76' lang='grc' dir='ltr'><strong><em>ἐφ’</em></strong></span> <span class='ocrx_word' id='word_1_279' title='bbox 657 3961 700 4041; x_wconf 81' lang='grc' dir='ltr'><strong><em>ὧν</em></strong></span> <span class='ocrx_word' id='word_1_280' title='bbox 713 3977 769 4038; x_wconf 87' lang='grc' dir='ltr'><strong><em>καῖ</em></strong></span> <span class='ocrx_word' id='word_1_281' title='bbox 784 3968 823 4043; x_wconf 87' lang='grc' dir='ltr'><strong><em>τὸ</em></strong></span> <span class='ocrx_word' id='word_1_282' title='bbox 838 3973 1032 4058; x_wconf 76' lang='grc' dir='ltr'><strong><em>ἐνδέχεσθαι</em></strong></span> <span class='ocrx_word' id='word_1_283' title='bbox 1043 3969 1089 4060; x_wconf 80' lang='grc' dir='ltr'><strong><em>μὴ</em></strong></span> <span class='ocrx_word' id='word_1_284' title='bbox 1103 3975 1262 4059; x_wconf 84' lang='grc' dir='ltr'><strong><em>γίνεσθαι</em></strong></span> 
     </span>
    </p>
   </div>
   <div class='ocr_carea' id='block_1_3' title="bbox 0 0 1406 4762">
    <p class='ocr_par' dir='ltr' id='par_1_4' title="bbox 0 0 1406 4762">
     <span class='ocr_line' id='line_1_35' title="bbox 0 0 1406 4762; baseline 0 0"><span class='ocrx_word' id='word_1_285' title='bbox 0 0 1406 4762; x_wconf 95' lang='lat' dir='ltr'><strong><em> </em></strong></span> 
     </span>
    </p>
   </div>
  </div>
 </body>
</html>
