2728 4758
1072 384 1132 452 tlt

124 577 197 622 cal’t
1120 575 1122 582 '

123 663 190 726 xl.
234 658 356 726 Deinde
374 661 462 746 quod
480 657 588 726 inutile
607 660 719 723 reddat
735 649 912 760 confilium
957 661 1044 740 (cunr
1058 661 1125 726 Na-

248 771 320 830 tura
341 761 418 828 nibil
436 764 577 845 frustra)
645 764 648 774 '
695 780 728 795 ‘¹
867 779 895 804 ’-

99 856 208 936 XII.
251 867 304 933 Ac'
324 867 469 951 proinde
480 865 594 930 nihil
584 887 617 930 nt
642 871 799 950 potestate
819 881 930 934 nostra
951 870 1125 956 relinquat.

251 972 306 1036 ubi
327 971 481 1036 indicatur
498 969 590 1048 simul
608 970 782 1036 cniusmodi
804 965 845 1036 sit
858 973 987 1040 arbitrii
1004 977 1140 1042 hnmani

327 1087 404 1138 stas.

122 1179 226 1246 XIII.
238 1087 592 1244 plliintresentientium
628 1176 737 1261 opinio
776 1181 815 1242 dc
851 1178 954 1245 libero
987 1181 1120 1249 arbitrio

249 1282 454 1366 proponitur.

122 1386 223 1450 XIV.
268 1381 481 1470 Expenditur.

123 1490 232 1556 XV.·
250 1489 390 1555 Ulterius
422 1490 589 1555 refutatur.
655 1490 725 1554 Nec
751 1489 785 1554 id
816 1489 881 1555 sine
913 1512 1007 1556 causa
1032 1489 1122 1618 lieri,

252 1593 338 1658 cuius
356 1593 424 1676 ipsc
444 1594 541 1658 homo
565 1613 659 1658 eausa
680 1593 732 1656 sit.

123 1681 225 1762 XVI.
268 1693 476 1761 Incommode
492 1717 594 1780 porro
612 1695 703 1760 huius
720 1697 905 1763 sententiae.
935 1698 1032 1780 Quod
1049 1720 1124 1784 per·

250 1811 354 1865 vertat
376 1820 500 1865 omnem
521 1799 631 1864 vitam.

123 1903 243 1968 xvll·
279 1902 1124 1985 QuodProvidentiametvaticiniornmusumaufcrat.

124 2007 263 2072 XVIII.
306 2007 361 2071 Ad
385 2005 547 2074 homines:
585 2007 773 2072 Retineitur
805 2010 844 2072 ab
877 2008 953 2092 ipsis
984 2011 1126 2093 patronis

251 2112 314 2174 hoc
336 2114 464 2196 dogma.
976 2105 978 2109 ’
1146 2187 1154 2205 .

47 2291 55 2306 .
126 2214 227 2300 XIX.
272 2217 436 2279 Probatur
451 2213 596 2298 deinceps
613 2235 672 2280 nos
688 2233 756 2280 csse
770 2213 929 2280 actionum
946 2227 1142 2282 nostrarum

254 2317 398 2382 dominos
428 2319 603 2401 expueris
638 2320 711 2406 lege
745 2319 943 2396 constitutis,
994 2342 1125 2406 quarum

252 2420 374 2485 veniam
395 2421 526 2486 iacimus
548 2421 758 2486 involuntarie
779 2422 995 2505 peccantibus.

125 2525 208 2590 XX.
253 2527 394 2590 Rursum
415 2525 476 2609 ipsi
505 2537 677 2590 assertores
700 2524 772 2588 Fati
797 2519 886 2589 aliter
908 2537 1007 2610 agunt
1032 2551 1125 2612 quam

254 2628 408 2694 sentiunt.
431 2629 464 2692 id
485 2630 663 2705 cuthberte,
687 2640 718 2692 et
732 2650 797 2693 non
811 2640 959 2713 tanquam
974 2651 1015 2692 ex
1029 2631 1124 2696 Fato.

126 2732 227 2866 XXI.
270 2731 424 2810 Domum,
462 2745 534 2796 ntra
561 2732 669 2816 opinio
688 2732 777 2796 falsa
803 2732 859 2809 sit,
896 2753 936 2796 ex
957 2734 1016 2797 bac
1036 2747 1126 2818 parte

116 2913 118 2918 .
199 2836 348 2898 tutius
371 2837 581 2900 enarrabitur.

126 2940 247 3006 XXII.
292 2939 479 3021 Explicatur
500 2939 753 3002 adversariorum
775 2939 928 3002 sententia
951 2943 989 3004 de
1009 2943 1103 3009 Fato.

127 3043 265 3118 XXIII.
309 3041 429 3106 Fatalis
456 3053 564 3105 catena
587 3040 741 3105 solvitur:
779 3041 968 3106 Absurditas
994 3065 1123 3124 eorum,

149 3161 151 3165 ’
255 3155 285 3206 et
307 3146 551 3230 confugiumad
573 3166 680 3208 causas
701 3144 890 3229 incognitas.
992 3163 994 3170 ·

126 3247 263 3316 XXIV.
307 3247 431 3310 Eorum
453 3252 566 3332 (μηδὲν
580 3244 742 3328 ἀναίτιον)
765 3247 889 3315 delendi
906 3260 1011 3331 potest
1033 3251 1126 3315 ctiam

257 3352 296 3412 ab
318 3349 373 3426 iis,
398 3350 452 3432 qui
473 3351 642 3414 nobiseum·
659 3350 807 3416 sentiunt.

129 3456 246 3519 XXV.
292 3452 624 3516 Ordo'ctoontinuitas
635 3475 700 3518 non
714 3455 808 3517 insert
821 3454 1047 3532 causalitatem
1070 3462 1125 3522 sed

129 3555 152 3589 '²
256 3579 319 3621 non
331 3555 449 3620 ordinis
466 3557 663 3638 perturbatio
683 3557 826 3633 dissolvit
843 3558 991 3622 unitatem
1007 3562 1124 3624 mundi.

129 3663 264 3724 XXVI.
296 3660 443 3724 Obieetio
451 3659 642 3742 proponitur
650 3660 981 3726 advorsuslibertatcm
990 3663 1122 3725 arbitrii:

129 3764 281 3833 XXVII.
327 3763 506 3846 Responsio
530 3762 664 3844 duplex3
697 3763 805 3844 prior,
840 3771 936 3847 penes
955 3789 1013 3830 nos
1033 3788 1119 3840 esse,

255 3877 297 3928 ut.
312 3866 489 3950 acquiratur
517 3866 659 3943 habitus,
694 3866 870 3944 nobilem,
895 3882 928 3934 ut
951 3873 1126 3954 deponatur
1217 3867 1219 3875 ’

256 3971 436 4056 acquisitus.
