2758 4760
1055 435 1124 538 ,οὔ

114 613 218 674 dando
241 619 293 672 aut
319 629 383 672 non
404 608 526 682 dando,
562 616 615 668 aut
638 603 847 686 Aesculapius
873 625 980 667 curam
1014 604 1117 669 nostri

114 713 269 797 gerendo.
314 711 429 773 Ferme
447 729 556 773 ornnes
575 707 718 772 homiues
737 708 890 789 adipsum
909 713 1114 784 concurrrmt,

114 815 168 878 ubi
189 812 478 901 praesentissimum
505 822 552 874 est
575 809 642 874 eius
664 809 835 886 auxilium,
871 833 942 873 cum
961 813 1021 874 hac
1047 811 1119 893 opi·
1182 811 1186 820 '

115 917 207 982 nione
232 917 304 998 plus
327 938 398 978 eum
417 916 527 978 favere
550 912 593 976 eis
619 912 674 995 qui
696 935 826 995 operam
853 915 927 978 dant
954 927 989 976 ut
1016 914 1119 996 ipsum

58 1063 61 1070 ι
115 1021 249 1082 habeant
278 1019 337 1081 sihi
364 1017 699 1100 presentem-{squam
720 1018 756 1080 in
781 1017 814 1079 id
841 1038 972 1100 operam
1005 1017 1119 1080 nullam

115 1123 377 1206 impendentibus.

457 1209 460 1215 ¹
532 1223 705 1286 XXXIII.

177 1330 276 1412 Quod
301 1339 404 1392 autem
426 1326 533 1390 dicunt
562 1326 607 1390 illi
630 1347 686 1390 eos
714 1325 768 1410 qui
789 1336 1011 1408 amputant,
1050 1351 1120 1391 eum
1207 1381 1209 1386 ,
1283 1399 1286 1406 ,

112 1432 293 1498 defenditur
317 1429 516 1494 animantium
540 1452 581 1492 ex
595 1429 745 1512 appetitu
768 1430 886 1506 motio,
911 1450 951 1494 eo
971 1431 1044 1513 ipso
1064 1434 1118 1494 de-

112 1535 197 1600 fendi
220 1535 253 1597 id
277 1535 365 1617 quod
392 1543 441 1596 est
463 1533 497 1596 in
513 1545 624 1598 nostra
647 1545 823 1616 potestate,
850 1555 915 1596 non
941 1534 1119 1598 existimare

112 1637 143 1702 in
166 1637 379 1720 appetentium
397 1657 465 1698 esse
487 1649 644 1718 potestate
663 1637 755 1699 talem
778 1658 819 1698 ex
841 1636 983 1718 appetitu
1005 1639 1121 1701 motio·

113 1763 200 1818 uem,
237 1754 268 1804 et
293 1751 465 1822 propterea
489 1740 689 1824 interrogant
711 1761 815 1804 annon
837 1752 924 1803 actus
946 1741 1002 1803 veI
1020 1743 1119 1806 motio

113 1844 152 1908 sit
176 1846 264 1928 quod
291 1843 323 1906 in
350 1854 460 1906 nostra
488 1855 645 1924 potestate
676 1854 744 1919 est,
782 1845 908 1926 hocque
933 1843 1009 1924 Ipsis
1045 1867 1121 1908 con·

115 1968 205 2010 cesso
228 1947 342 2010 iterum
376 1945 593 2030 interrogant,
634 1969 737 2010 annon
766 1958 890 2008 actuum
917 1946 968 2009 alii
997 1960 1122 2012 exstant

114 2073 153 2112 ex
179 2049 389 2133 appetitIone,
431 2047 482 2110 alii
504 2051 622 2131 absque
649 2071 704 2131 ea‚·
735 2070 800 2132 quo
818 2071 971 2114 concesso
993 2073 1118 2112 rursum

115 2157 231 2218 addunt
261 2137 372 2216 coium
394 2171 474 2236 quae
491 2151 558 2214 sine
581 2151 775 2233 appetitione
792 2151 871 2214 fiunt
897 2153 973 2215 nihil
997 2175 1065 2216 esse
1089 2154 1121 2215 in

112 2269 224 2322 nostra
248 2267 428 2338 potestate:
463 2276 528 2337 quo
554 2277 679 2318 rursum
707 2256 800 2331 dato,
832 2258 947 2318 addunt
969 2257 1118 2332 ulterius,

115 2382 207 2448 omne
245 2361 332 2442 quod
357 2357 549 2440 appetitione
579 2358 613 2420 fit
640 2379 712 2420 esse
743 2358 775 2422 in
810 2371 967 2442 potestate
1003 2359 1152 2423 facien-2

115 2463 215 2540 tium,
240 2461 494 2545 quandoquidem
515 2461 547 2524 id
565 2482 628 2525 non
647 2461 825 2543 reperiatur
843 2462 875 2525 in
891 2461 981 2525 aliter
997 2463 1117 2526 facien·

114 2567 218 2642 tibus,
255 2587 292 2628 ac
312 2563 447 2646 proinde
473 2565 581 2628 dicunt
604 2587 622 2627 a
643 2586 678 2628 se
699 2585 827 2648 quoque
853 2565 976 2628 defendi
997 2565 1028 2628 in
1051 2578 1119 2629 tan-

11 2723 14 2756 ,
113 2682 179 2732 trun
210 2671 299 2754 quod
326 2667 358 2730 in
390 2679 500 2732 nostra
530 2679 688 2749 potestate
717 2680 782 2744 cst,
825 2680 974 2751 quantum
1000 2689 1058 2732 nos
1088 2670 1121 2732 id

112 2773 270 2856 possimus
303 2771 409 2841 facere
438 2772 491 2833 vel
519 2792 583 2834 non
608 2772 733 2847 facere,
781 2794 862 2856 quae
893 2784 994 2834 autem
1013 2771 1072 2834 ·ita
1104 2793 1123 2835 a

114 2877 204 2942 nobis
226 2875 319 2950 fiant,
345 2896 385 2936 cx
411 2872 552 2954 appetitu
577 2873 671 2938 ficri:
694 2897 799 2938 nonne
821 2877 899 2936 haec
921 2875 1024 2938 omnia
1048 2888 1119 2939 sunt

115 2983 214 3062 verba
235 2977 450 3062 ignorantium
480 2988 593 3039 contra
618 2978 693 3059 quid
726 2977 908 3068 disputent?
941 2980 1016 3041 Non
1039 2979 1120 3042 enim

114 3085 139 3146 si
164 3087 208 3147 ob
233 3082 266 3144 id
287 3083 375 3164 quod
397 3081 502 3148 dicunt
526 3080 759 3144 concediturin
779 3081 817 3144 iis
843 3103 923 3164 quae
947 3103 1017 3144 cunr
1047 3105 1118 3145 mo·

115 3188 201 3261 tione
227 3208 269 3252 ex
290 3183 430 3268 appetitu
447 3185 543 3260 fiunt,
575 3183 717 3266 conspici
735 3184 768 3246 id
785 3186 872 3268 qrrod
890 3196 937 3247 est
957 3183 989 3246 in
1007 3196 1116 3248 nostra

115 3301 299 3373 potestate,
338 3309 378 3350 eo
404 3287 545 3368 sequitur
566 3309 659 3352 omne
679 3287 712 3368 id
731 3289 818 3370 quod
837 3308 877 3349 ex
900 3287 1041 3352 motione
1063 3309 1119 3368 ap*

115 3394 235 3475 petitus,
252 3393 310 3468 fir,
341 3398 417 3452 'esse
444 3389 476 3452 in
509 3403 618 3454 nostra
648 3400 819 3473 potestate.
864 3390 925 3452 Illa
949 3389 1031 3452 enirn
1052 3392 1121 3454 soia

116 3519 226 3566 eorum
259 3516 339 3577 quae
370 3515 410 3556 ex
438 3492 579 3574 appetitu
610 3493 710 3568 fiunt,
748 3492 780 3556 in
813 3503 978 3573 potestate·
1010 3505 1119 3557 nostra

117 3612 213 3680 suut,
250 3619 329 3680 quae
351 3597 430 3660 fiunt
454 3619 494 3658 ex
523 3597 664 3678 appetitu
690 3594 822 3660 rationis
844 3593 1009 3677 partipre.
1055 3598 1122 3662 Ra·

115 3703 209 3768 ti0uis
232 3711 335 3764 autem
348 3700 506 3782 particeps
526 3699 682 3780 appetitus
705 3711 753 3762 est
773 3699 805 3762 in
827 3699 864 3761 iis
888 3720 967 3780 quae
993 3702 1121 3768 consul-

115 3819 181 3868 tant
208 3817 240 3867 ct
261 3803 419 3887 deligunt,
450 3803 550 3866 idest
572 3803 743 3877 hrunanus,
767 3801 823 3864 ubi
845 3802 880 3870 fit
901 3801 968 3864 istis
990 3823 1120 3883 praece·

117 3908 273 3973 dentibus.
319 3907 401 3968 Nam
427 3907 560 3970 aliorum
589 3904 789 3974 animantium
815 3926 856 3967 ex
880 3904 1022 3987 appetitu
1051 3926 1120 3969 mo·

117 4013 218 4076 tiones
251 4031 316 4074 uon
345 4021 415 4076 sumt
445 4007 644 4084 istiusmodi,
698 4007 772 4090 quia
803 4006 835 4076 in
865 4006 941 4089 ipsis
978 4029 1041 4072 non
1076 4019 1123 4070 est
