2758 4760
1062 383 1122 454 lot

118 571 200 620 reto
222 575 281 618 nos
302 575 367 618 non
388 552 530 637 quemvis
553 551 608 634 qul
632 550 748 635 aliquid
765 551 860 616 saciat
891 557 977 638 quod
997 556 1120 638 placet,

116 660 244 722 dicimus
271 657 361 726 recte
387 659 500 744 agere,
536 676 593 717 nec
614 656 798 738 delinquere
827 677 897 719 cum
922 657 976 740 qul
1005 662 1119 742 quovis

117 747 212 825 modo
243 753 360 844 aliquid
395 753 470 822 facit
502 758 666 831 indecens;
710 762 765 822 scd
796 771 864 822 tum
896 747 1017 826 demum
1048 741 1118 828 cum

118 863 185 948 quis
208 864 384 926 libertatem
404 862 523 924 habens
547 863 586 922 ad
602 861 734 942 peiora,
771 863 880 947 deligit
907 876 950 938 et,
965 866 1030 950 agit
1054 889 1120 930 me·

116 968 218 1042 liora,
254 988 325 1028 eum
354 965 482 1056 dicimus
511 975 597 1028 recte
627 985 736 1048 agere.
782 967 863 1028 Nam
889 965 1009 1050 siquis
1035 969 1122 1033 forte

117 1070 247 1134 fortuna
273 1071 381 1132 eadem
405 1067 518 1143 faciat,
556 1089 627 1130 eum
652 1078 738 1129 recte
760 1089 856 1151 agere
882 1091 946 1131 non
976 1070 1118 1148 dicimus,

118 1171 190 1256 quia
210 1181 245 1234 ut
263 1184 352 1234 recte
375 1170 492 1253 aliquid
514 1170 566 1255 agi
584 1169 768 1248 iudicetur,
781 1192 845 1234 non
866 1171 899 1232 id
920 1175 959 1234 ab
985 1175 1117 1257 actioni7
1214 1174 1217 1184 '

19 1329 22 1340 .
118 1279 175 1338 bus
197 1276 313 1357 pendet
334 1274 429 1349 solis,
469 1275 524 1334 sed
552 1273 651 1336 multo
682 1283 753 1336 ante
780 1276 820 1336 ab
850 1273 943 1338 animi
969 1278 1122 1341 constitu-

118 1379 202 1442 tione
228 1390 259 1440 et
287 1377 424 1440 efficacia
446 1397 486 1439 ex
509 1397 570 1459 qua
587 1375 680 1439 firmt.
724 1377 906 1459 Eademque
935 1378 967 1440 in
992 1371 1119 1452 delictis

120 1481 214 1544 ratio.
258 1480 326 1542 Illis
347 1501 428 1542 vcro
448 1480 576 1546 libertas
596 1479 709 1563 agendi
731 1479 789 1544 alia
811 1502 903 1563 qnam
924 1501 1004 1564 quae
1027 1463 1125 1566 rgrmt
1185 1539 1188 1544 .

57 1601 61 1606 '
121 1607 139 1647 a
168 1587 264 1647 rebus
291 1581 563 1646 circumstantibus
602 1582 774 1663 abripitur,
812 1583 888 1664 ipsis
916 1582 948 1647 in
983 1585 1016 1647 id
1046 1584 1125 1648 nihil

122 1685 412 1760 contribuentibus,
436 1696 472 1746 ut
490 1684 564 1747 talia
580 1683 667 1766 ipsos
680 1685 881 1748 circumstent
895 1699 1030 1769 propter
1041 1710 1123 1770 quae

82 1777 88 1794 ⁸
123 1801 232 1876 agunt.
290 1789 335 1852 Et
360 1788 438 1849 tales
461 1790 624 1869 quomodo
651 1787 720 1872 quis
754 1787 835 1852 dicat
862 1801 914 1851 aut
944 1791 1130 1874 delinquere

124 1905 176 1956 aut
203 1903 291 1955 recte
318 1889 438 1975 agere?
473 1891 556 1952 Nam
589 1890 754 1974 usquein
779 1903 936 1973 potestate
969 1893 1039 1976 quis
1069 1873 1127 1958 sud

16 2059 18 2062 .
123 1999 235 2072 habet,
267 2005 320 2056 aut
338 2016 377 2056 ne
399 1992 438 2056 sit
454 1993 487 2055 in
508 1991 563 2055 tali
589 1993 682 2056 animi
702 2005 802 2070 statu,
843 1994 897 2077 qui
922 1997 1060 2060 nascitur
1075 2019 1129 2062 ex

123 2097 318 2182 appetitione
350 2099 390 2160 ad
422 2097 500 2158 haee
533 2107 585 2156 aut
619 2096 673 2158 illa
705 2100 848 2182 agenda,
886 2098 941 2160 ubi
973 2099 1051 2181 tales
1077 2123 1129 2163 res
1185 2099 1190 2112 '

124 2203 343 2277 circumstant,
367 2221 426 2262 nec
444 2218 508 2291 quo
527 2197 627 2262 minus
649 2200 726 2260 tales
749 2221 802 2262 res
826 2222 896 2262 eum
914 2200 1128 2266 circumstent.

124 2309 221 2370 Nam·
237 2306 280 2368 ob
309 2306 365 2366 has
388 2324 496 2366 causas
522 2302 640 2366 nullum
664 2303 776 2372 animal
800 2316 919 2367 mutum
948 2307 986 2367 de
1015 2305 1130 2369 talibus
1179 2377 1182 2384 ¹

125 2429 320 2473 accusamus.
364 2407 410 2469 At
434 2425 515 2468 vero
537 2405 591 2488 qui
612 2407 651 2470 ad
670 2409 824 2490 agendum
845 2407 979 2470 trabitur
999 2403 1043 2479 *ab
1065 2409 1146 2472 isto*

17 2501 18 2510 ἵ
126 2511 219 2576 animi
255 2522 339 2573 statu
376 2520 407 2571 et
436 2508 502 2570 istis
533 2509 628 2570 rebus
662 2507 954 2587 circumstantibus,
994 2533 1131 2594 quorum

121 2615 267 2680 ‘omnium
288 2634 327 2676 ne
354 2611 399 2676 ita
421 2632 454 2674 se
479 2612 614 2675 habeant
638 2611 706 2694 ipse
736 2613 879 2704 dominus
910 2634 976 2676 non
1004 2625 1068 2690 est,
1104 2613 1132 2676 is

127 2730 214 2782 certe
239 2715 349 2780 necin
366 2715 403 2778 iis
430 2736 509 2798 quae
534 2715 579 2778 sic
601 2715 800 2799 agit‚,recte
825 2738 920 2801 agere
946 2738 1006 2781 nec
1032 2716 1131 2780 delin-

130 2842 228 2906 quere
258 2818 320 2882 diei
353 2830 472 2900 potest.
539 2817 621 2889 Cum
643 2839 723 2882 vero
749 2821 942 2883 laudationes
981 2833 1028 2898 et¹
1048 2813 1139 2904 uitu-¹

128 2923 309 3006 perationes
333 2923 439 3014 locum
464 2921 598 2983 habeant
619 2920 703 2983 circa
732 2944 769 2996 ea
784 2923 856 3007 ‘que
881 2934 967 2986 recte
994 2901 1131 3007 aguntur

129 3039 182 3092 aut
214 3047 294 3110 quae
322 3019 515 3106 peccantur,
558 3023 647 3086 etiam
681 3024 756 3106 ipsis
789 3025 958 3088 fatentibus
988 3038 1139 3108 apertum,

129 3143 176 3194 est
196 3129 246 3194 his
271 3127 399 3192 sublatis
425 3127 517 3190 etiam
538 3127 591 3190 illa
614 3127 696 3190 tolli.
740 3127 791 3191 De
813 3127 883 3192 Diis
906 3139 1008 3190 autem
1037 3147 1133 3212 agere

129 3246 216 3296 recte
259 3253 324 3294 non
358 3230 490 3313 proprie
529 3231 660 3294 dicitur:
707 3233 764 3294 sed
797 3231 882 3294 sorte
921 3230 981 3293 dici
1022 3241 1129 3312 potest

130 3339 185 3401 e'os
215 3337 301 3399 bona
327 3333 455 3412 faeere,
503 3334 647 3408 nimirum
675 3333 747 3417 quia
771 3333 803 3398 in
832 3332 944 3416 quibus
971 3343 1019 3394 est
1042 3342 1128 3394 recte

132 3459 246 3525 agere,
276 3437 309 3502 in
326 3437 363 3499 iis
383 3448 430 3500 est
451 3447 481 3498 et
501 3458 647 3516 peccare.
694 3439 768 3500 Non
792 3447 838 3498 est
859 3446 961 3498 autem
983 3419 1146 3516 peccandi

134 3563 236 3625 capax
264 3551 377 3602 natura
409 3539 525 3602 divina
569 3541 613 3602 Et
635 3552 769 3621 propter
794 3541 856 3602 hoc
884 3560 948 3602 non
974 3538 1132 3600 laudamus

34 3647 38 3657 '
133 3644 224 3710 Deos
257 3642 330 3726 quia
363 3642 496 3706 maiores
526 3641 587 3704 sint
617 3653 648 3703 ct
678 3642 795 3723 positi,
847 3653 913 3706 tum
944 3663 1039 3724 supra
1064 3642 1132 3702 lau»

134 3751 212 3824 des,
264 3759 330 3808 tum
371 3767 466 3828 supra
506 3745 656 3810 virtutrun
692 3744 849 3821 actiones,
895 3765 974 3827 quae
998 3741 1136 3808 laudari

135 3851 250 3912 solent.
1195 3837 1197 3849 ’
