2804 4762
1103 406 1152 448 vu

142 549 457 654 discrepantibus
470 550 660 629 Eusebius
685 550 847 628 inseruit
872 551 1157 654 Praeparationi

1 699 13 775 j
141 697 236 750 suae
253 670 530 772 Evangelicae,
554 693 626 746 nec
652 695 733 746 non
759 671 936 750 versione
956 674 1073 750 latina
1092 703 1155 750 an-

142 791 359 894 tiquissima
403 788 634 889 Hieronymi
675 788 854 887 Bagolini
899 794 1156 889 Veronensis,

144 937 247 1014 quae
270 910 364 988 licet
386 909 501 988 nimis
527 908 639 986 anxie
658 908 822 988 verbum
853 914 902 987 de
926 917 1049 990 verbo
1075 899 1157 992 red-

145 1033 233 1126 dat,
277 1044 316 1108 et
340 1031 383 1108 in
406 1029 503 1105 locis
528 1029 634 1104 haud
662 1031 794 1130 paucis
819 1030 1052 1132 ineptissima
1086 1038 1154 1132 sit,

143 1163 392 1230 tamencum
426 1174 449 1228 e
472 1147 619 1226 Codice
655 1150 823 1247 quodam
849 1152 1017 1259 optimae
1042 1169 1158 1233 notae

144 1284 186 1349 et
219 1297 311 1346 cum
345 1267 611 1370 Manuscripto
639 1268 853 1346 Harniensi
885 1260 938 1345 in'
966 1275 1159 1376 plerisque

144 1390 411 1467 consentiente
434 1389 533 1464 facta
560 1399 677 1483 esset,
704 1413 785 1464 non
815 1415 951 1488 parum
979 1392 1080 1468 iuvit
1109 1400 1159 1470 ad

8 1578 14 1623 =
146 1521 296 1586 textum
309 1509 615 1610 emendandum,
641 1531 827 1607 verasque
841 1519 879 1584 et
890 1511 1074 1605 genuinas
1101 1517 1159 1610 (²)

145 1629 338 1719 lectiones
367 1628 586 1706 eliciendas.
635 1626 811 1702 Adhibui
836 1632 991 1704 tandem
1012 1647 1163 1732 praeter

144 1749 343 1826 versiones
382 1749 518 1825 latinas
552 1743 732 1844 Hugonis
763 1747 888 1822 Grotii
931 1762 970 1824 et
1003 1752 1160 1829 editoris

145 1868 409 1945 Londinensis
443 1855 560 1946 etiam
604 1866 872 1944 Germanicam
907 1877 982 1948 τοῦ
1017 1879 1087 1953 νῦν
1121 1882 1163 1954 ἐν

117 2044 122 2054 -
147 1993 270 2088 ἁγίοις
298 1987 456 2086 Georgii
480 1987 730 2064 Schulthessii
756 1988 959 2082 nostratis,
1001 1995 1161 2092 pastoris

9 2192 13 2201 ¹
147 2109 348 2209 quondam
367 2105 752 2184 Moenchaltorscnsis
775 2107 927 2208 inpage
944 2109 1158 2211 Turicensi‚

9 2312 17 2320 ,
147 2229 296 2305 bonam
338 2224 534 2326 fidamque
567 2222 648 2320 (3),
691 2236 731 2300 et
758 2230 952 2327 exemplar
985 2230 1164 2310 editionis
1198 2311 1202 2322 ,

148 2346 411 2424 Londinensis
437 2371 516 2444 quo
542 2371 632 2418 usus
662 2355 743 2420 crat
772 2345 834 2420 vir
860 2347 1099 2426 doctissimus
1120 2352 1162 2428 in

149 2464 339 2544 vertendo
349 2464 580 2558 Alexandro,
606 2463 877 2539 cumeiusdem
891 2471 1167 2547 emendationi·

152 2587 228 2662 bus
255 2583 389 2685 paucis
418 2582 597 2683 quidem,
636 2584 703 2659 sed
728 2584 887 2682 egregiis
913 2588 1076 2685 margini
1106 2594 1169 2665 ad·
1206 2581 1209 2586 ¹
1284 2573 1287 2580 ¹

155 2705 318 2806 scriptis,
346 2703 635 2778 commodatum
660 2701 758 2776 mihi
790 2729 813 2778 a
845 2709 1066 2782 venerando
1086 2708 1169 2787 filio

173 2993 178 3000 '
229 2979 278 3060 (2)
320 2977 423 3041 Liber
453 2974 631 3040 rarissimus
663 2975 710 3039 sic
740 2975 941 3044 inscribitur:
987 2981 1164 3049 Alexandri

159 3079 423 3170 Aphrodisiensis
445 3077 653 3162 Peripatetici
675 3077 847 3143 doctissimi
869 3081 1077 3162 Quaestiones
1092 3090 1166 3151 ‘Na-

161 3185 279 3249 turales
308 3195 339 3248 et
361 3183 506 3248 Morales
530 3193 562 3246 et
584 3183 622 3244 de
644 3181 747 3260 Fato,
784 3181 984 3265 Hieronymo
1006 3189 1166 3274 Bagolino

161 3285 346 3352 Veronensi
378 3297 409 3350 ct
431 3285 573 3367 Baptista
612 3284 680 3348 filio
709 3277 955 3368 interpretibus,
991 3291 1033 3354 dc
1065 3293 1167 3358 anima

163 3391 244 3456 liber
261 3390 291 3455 Ι.
307 3388 649 3469 Hieronymo-Donato
665 3387 806 3452 Patricio
829 3389 957 3455 Veneto
978 3391 1165 3477 interprete,

164 3497 203 3558 de
226 3494 327 3556 anima
347 3491 428 3555 liber
450 3491 498 3554 ΙΙ.
522 3501 554 3553 et
575 3491 613 3553 de
636 3489 787 3555 mixtione
802 3487 930 3576 Angelo
947 3491 1081 3561 Caninio
1098 3499 1167 3566 An-

165 3596 316 3690 glariensi
343 3595 516 3676 interprete
549 3592 654 3656 omnia
674 3614 791 3658 excusa
813 3595 956 3660 Venetiis
986 3603 1068 3682 apud
1090 3603 1169 3666 Hie·

166 3720 335 3782 ronymum
359 3698 489 3781 Scotum
513 3697 607 3762 1559.
629 3695 775 3760 infolio.

232 3841 281 3919 (3)
313 3841 469 3902 Insertam
489 3839 510 3900 l.
528 3835 751 3932 tgiir‘bliotlrert
772 3839 829 3902 der
846 3842 1077 3922 griechischen
1100 3847 1173 3908 ΡΙιί-

166 3935 342 4024 losopdcir.
365 3942 408 4006 Τ.
425 3941 489 4007 IV.
513 3965 546 4026 p.
566 3942 627 4006 150
642 3949 672 4002 et
687 3960 777 4023 seqq.
802 3939 912 4005 anici
929 3941 1023 4006 tter.
1048 3955 1114 4010 oct.
1208 3978 1211 3987 =
