2758 4760
1058 429 1117 490 too
1152 515 1154 518 Ι

110 611 266 682 quantur,
292 617 384 682 quam
399 611 462 662 tam
478 599 598 660 absona
611 609 747 679 propter
762 595 830 660 illas
847 593 1043 662 narrationes
1059 594 1114 660 de·

108 704 251 766 fondere.
297 702 342 766 At
364 700 409 764 illi
431 699 652 768 absurdissima
675 722 819 784 quaeque
842 702 974 764 eredunt
1005 699 1112 782 perla-

110 805 185 882 cile‚
225 815 256 868 et
279 803 488 870 narrationis
511 803 630 870 sitista
652 804 739 882 fieri,
780 825 887 880 oausas
911 805 1026 870 addere
1049 825 1116 870 non
1192 845 1195 852 -

111 909 266 975 dubitant.

527 1200 688 1266 XXXII.

81 1391 83 1396 Ι
193 1306 258 1370 Sed
288 1307 325 1368 de
360 1305 408 1370 his
442 1303 529 1368 satis.
596 1305 716 1368 Sufficit
750 1304 831 1368 enim
863 1307 894 1370 in
927 1327 1050 1391 quaque
1080 1330 1116 1372 re

110 1411 276 1474 ostendere
299 1397 499 1472 adversariae
517 1409 688 1472 sententiae
710 1411 841 1474 absona.
887 1409 991 1494 Supra
1014 1423 1117 1481 autem

109 1512 182 1578 satis
220 1512 411 1594 explicatum
451 1512 599 1586 arbitror,
629 1517 792 1598 quomodo
827 1513 949 1578 dicatur
972 1514 1116 1596 probitas
1175 1537 1181 1554 ¹

109 1637 177 1680 esse
199 1616 231 1679 in
255 1599 316 1680 uiri
340 1615 437 1698 probi
457 1628 632 1697 potestate,
668 1639 844 1701 quanquam
873 1618 899 1680 is
926 1640 990 1680 non
1015 1616 1118 1700 possit

108 1743 191 1784 nunc
215 1742 280 1784 non
307 1741 377 1783 esse
402 1722 537 1801 probru.
582 1720 709 1790 Dicitur
727 1721 816 1809 'enim
843 1723 907 1788 hoe
939 1744 1003 1784 non
1030 1723 1118 1804 quod

109 1845 192 1886 nune
220 1809 443 1904 probassem,
479 1822 512 1886 id
538 1822 641 1904 ipsum
664 1845 733 1886 esse
762 1825 792 1886 in
818 1824 917 1907 ipsius
939 1837 1115 1908 potestate:

110 1926 154 2005 (id
173 1926 256 1993 enim
278 1927 426 2018 silesset‚
461 1926 522 1994 iam
547 1927 725 1990 libertatem
750 1931 882 1992 haberet
906 1929 998 1994 etiam
1020 1942 1056 1992 ut
1078 1928 1118 1992 sit
1167 1989 1170 1994 .

110 2052 173 2094 non
192 2031 332 2112 probus)
359 2033 416 2092 sed
435 2029 527 2112 quia,
559 2044 726 2113 antequam
749 2033 820 2094 talis
844 2033 952 2110 lieret,
980 2034 1118 2095 habehat
1144 2069 1146 2076 ‹

57 2169 59 2176 ,
110 2133 306 2209 libertatem,
344 2153 404 2214 per
430 2117 523 2215 quam
548 2134 618 2204 talis
645 2135 736 2198 fieret
762 2135 814 2197 vel
838 2157 903 2196 non
928 2135 1039 2210 fieret,
1079 2155 1117 2196 ae

111 2240 152 2300 ob
180 2257 251 2300 eam
277 2259 370 2320 quam
397 2248 467 2298 ante
489 2237 647 2300 attulimus
669 2259 792 2303 oausam
816 2234 966 2319 ipse'sibi
990 2249 1025 2300 ut
1039 2236 1116 2328 ‚talis

110 2341 221 2416 lieret,
261 2339 435 2421 opitulator
466 2339 538 2404 fuir.
589 2341 628 2403 In
656 2340 801 2404 Deorum
832 2354 936 2408 autem
960 2351 1116 2424 potestate
1204 2395 1209 2407 .

111 2456 250 2522 nonest
283 2454 317 2504 ut
345 2443 423 2506 tales
450 2442 528 2520 sint,
568 2447 655 2528 quod
673 2447 717 2505 'et
753 2443 855 2526 ipsum
884 2468 980 2508 unum
1002 2457 1048 2508 est
1077 2465 1118 2506 en

111 2550 146 2614 iis
178 2568 261 2631 quae
290 2547 334 2610 illi
366 2547 537 2612 obiectant.
603 2549 685 2610 Nam
719 2551 806 2630 quod
839 2549 917 2629 tales
955 2561 1049 2624 sunt,
1086 2547 1146 2615 iu,

110 2673 223 2716 eorum
249 2663 359 2713 natura
385 2648 576 2716 continetur.
622 2651 711 2732 Quae
734 2662 836 2715 autem
864 2663 936 2717 sumt
966 2649 1032 2714 eius
1061 2673 1118 2735 ge·

111 2751 195 2820 neris
222 2776 258 2818 ea
287 2775 352 2818 non
377 2753 511 2816 suntin
537 2765 707 2835 potestate.
751 2757 944 2838 ‚Propterea
975 2755 1129 2836 ipsorum,

112 2864 198 2924 bona
219 2859 396 2922 veneranda
415 2869 497 2932 stant
523 2870 553 2920 et
578 2858 670 2920 beata
699 2859 886 2940 appellanda
899 2904 920 2936 ,‚
948 2857 1019 2941 quia
1045 2857 1117 2940 plus

114 2963 231 3048 aliquid
253 2960 284 3024 in
303 2982 337 3024 se
358 2960 476 3024 habent
501 2981 594 3043 quam
612 2981 696 3043 quae,
713 2962 879 3023 laudantur
903 2965 1005 3038 hona,
1046 2962 1119 3046 quia
1163 3031 1165 3042 ¹

87 3133 88 3136 ,
114 3067 244 3130 omnino
268 3077 381 3128 natura
400 3062 543 3146 ipsorum
577 3061 786 3144 [deterioris]
823 3085 888 3126 non
911 3077 978 3128 erat
1000 3087 1114 3147 capax.

114 3175 185 3236 Nos
218 3182 321 3232 autem
354 3169 393 3230 de
432 3170 591 3230 bonorum
624 3167 794 3247 adoptione
826 3167 1006 3245 laudamur,
1045 3169 1119 3254 quia

115 3289 185 3340 eum
220 3285 332 3336 natura
360 3282 471 3334 nostra
500 3269 591 3334 etiam
623 3257 742 3352 peioris
781 3282 849 3332 erat
885 3291 1007 3354 capax,
1054 3294 1118 3336 non

115 3398 229 3463 segnes
256 3373 371 3438 fuimus
404 3376 442 3436 ad
475 3373 622 3450 meliora,
660 3373 755 3456 idque
786 3395 856 3436 oum
886 3373 997 3456 peiora
1017 3376 1118 3440 mobis

115 3481 181 3546 sine
204 3480 322 3542 sudore
348 3489 379 3541 et
403 3478 514 3540 labore
540 3477 853 3553 adessevideantur,
892 3477 993 3540 virtus
1016 3491 1119 3542 autem
1173 3531 1178 3538 .

117 3607 187 3648 cum
206 3585 318 3648 labore
344 3593 375 3646 et
389 3579 544 3647 molestiis
564 3593 595 3643 et
613 3584 729 3647 sudore
744 3580 857 3654 multo.
900 3579 1023 3644 Verum
1035 3580 1120 3646 insu-

116 3711 174 3776 per
193 3686 248 3772 qui
268 3687 390 3768 probus
416 3695 479 3760 est,
517 3685 613 3748 habet
634 3683 725 3746 etiam
748 3683 832 3748 eirca
855 3682 993 3768 singulas
1021 3687 1120 3751 aetio-

116 3812 172 3857 nes
195 3813 260 3856 non
285 3789 399 3875 agendi
419 3788 612 3862 libertatem,
637 3787 789 3871 siquidem
812 3787 951 3851 actiones
971 3793 1119 3871 quasdam

120 3897 182 3960 edit
200 3895 287 3960 cirea
308 3915 361 3968 ea,
398 3881 478 3975 quae
500 3903 638 3973 possent
655 3913 687 3953 se
709 3902 740 3952 et
769 3891 858 3953 aliter
880 3893 1007 3954 habere.
1049 3890 1120 3954 'Ne-

24 4010 27 4013 '
120 4018 286 4086 quevcro
314 3983 726 4065 hanelibertatemadimit
756 3995 807 4058 vel
830 3995 964 4076 Pythius
993 3996 1121 4064 oracula
