2804 4762
270 377 311 440 58

267 544 349 621 Πῶς
367 539 431 632 γόιρ
450 543 498 610 ἔτι
515 539 731 632 Ἀλέξανδρος
750 538 768 607 ό
790 535 948 632 Πριάμοο
968 545 1001 609 έν
1018 539 1112 632 ἀιτίςι
1133 543 1197 622 ι’ἰη,
1234 537 1278 619 ὡς

266 643 458 737 διαμαρτὼν
488 651 560 736 περὶ
597 643 656 728 τὴν
687 647 745 726 τῆς
773 641 902 726 Ἑλένης
930 641 1101 736 ἁρπαγήν,
1147 645 1215 722 πῶς
1246 640 1278 710 δ’

263 744 478 838 Ἀγαμέμνων
502 743 643 834 ένλόγως
664 743 767 814 ἀετοῦ
787 750 1075 840 καταφηφίζοιτο,
1105 749 1206 833 λέγων
1231 743 1277 814 ού

265 846 295 919 δ
325 847 453 928 ἀστός
481 847 712 936 ἀναίνομαι
747 850 810 932 ¹⁵),·
844 845 895 916 Ἕι
915 847 1060 940 μὲνγὰρ
1082 853 1162 938 ε’ῖχεν
1186 849 1276 930 ἐξον-

265 955 340 1021 σίοιν
362 949 524 1044 ὑπεριδεῖν
555 949 577 1034 ἢ
607 949 821 1041 Ἀλέξανδρος
853 954 916 1018 τῶν
949 947 1023 1019 τότε
1052 948 1285 1042 περιεστώτων,

263 1052 366 1124 ἀστόν
389 1051 670 1148 παρακαλούντων
696 1057 747 1121 ἐπὶ
774 1051 833 1136 τὴν
854 1051 1022 1145 ἁρπαγὴν,
1060 1052 1275 1137 ἢΜενὲλαος

262 1161 326 1228 τῶν
357 1155 553 1246 ἀγανακτεῖν
585 1152 806 1248 ἐπαιρόντων,
850 1153 871 1240 ἢ
898 1153 1112 1246 Ἀγαμέμνων
1144 1154 1204 1258 ἐφ’.
1222 1153 1291 1235 όῖς’

261 1257 305 1341 ὡς
314 1258 547 1354 ἀναμάρτητος
561 1257 664 1328 ἀστοῦ
676 1260 705 1308 ¹⁵
713 1262 744 1340 a)
760 1264 971 1351 κατατρέχει,
986 1257 1176 1347 ἑνλόγωςάν
1186 1259 1271 1342 ἦσαν

261 1369 295 1433 ἐν
312 1362 416 1457 ἀιτίρι,
453 1360 504 1431 ’Ea
521 1358 550 1431 δ
560 1350 612 1445 ’ἦν
632 1358 736 1429 πύλαι
762 1359 1025 1455 καὶπρόπαλαι,
1048 1369 1102 1431 καί
1124 1360 1188 1455 πρό
1211 1365 1272 1431 τοῦ

261 1467 321 1552 τὴν
342 1463 445 1560 ἀρχόν
463 1489 538 1535 τινα
557 1462 666 1533 ἀντῶν
685 1469 863 1551 γενέσθαι,
893 1462 1023 1550 ἀληθὲς
1042 1472 1115 1559 περὶ
1132 1461 1272 1535 ἑκάστου

260 1567 499 1664 προλεγόμενον
516 1564 641 1636 τούτων
658 1571 817 1649 ἕκαστον,
840 1565 891 1663 ἐφ’
907 1565 958 1648 όῑς
974 1565 1118 1652 ποιήσας
1132 1563 1269 1637 ἐσδύνε-

259 1701 332 1754 ται,
368 1674 436 1752 πῶς
460 1668 501 1740 ἀν
525 1668 565 1738 ἔτ’
596 1666 691 1738 ἀντοὶ
724 1673 787 1738 τῶν
807 1677 984 1760 γινομένων
1005 1669 1050 1755 ¹⁶)
1075 1670 1135 1755 τὴν
1159 1669 1270 1740 ἀντίαν

258 1777 377 1865 ἕγοιενς
409 1777 489 1853 Πῶς
511 1778 547 1841 δέ
573 1799 624 1852 τις
645 1769 835 1861 ἐξηγήσεται
862 1780 918 1842 καὶ
944 1772 982 1842 τό
1008 1771 1058 1870 ἐφ’
1080 1771 1158 1864 ἡμῖν
1185 1777 1269 1842 ε’ῖναι

257 1875 318 1958 τάς
342 1903 376 1946 τε
398 1873 517 1970 ἀρετόις
543 1882 600 1944 καὶ
624 1878 741 1956 κακίας
762 1878 824 1962 ¹⁷)‚·
854 1875 945 1946 Ἰιπεί
971 1905 1007 1966 γε
1034 1875 1138 1958 ὁύτως
1166 1876 1269 1946 όντων

204 2005 208 2013 ’
257 1978 349 2072 ἡμῶν
373 1983 524 2064 18),πῶς
547 1976 587 2047 ἔτ’
609 1975 650 2048 ἀν
676 1975 816 2068 ἐσλόγως
834 1985 867 2047 οί
888 1989 949 2069 μὲν
973 1984 1034 2049 ε’ῖεν
1058 1985 1092 2049 ἐν
1113 1982 1267 2062 ἐπαίνοις,

258 2089 291 2152 οἱ
315 2087 350 2152 δὲ
372 2087 406 2153 ἐν
429 2079 573 2179 φόγοις;
608 2078 724 2151 Ὀνδέν
743 2081 907 2175 γάρόίλῖ
935 2082 956 2166 ἢ
978 2085 1269 2176 σονηγορίαν·τοῖς

258 2193 371 2267 κακοῖς
396 2183 434 2274 τό
465 2182 573 2275 δόγμα
602 2187 701 2253 τοῦτο
725 2187 878 2279 προξενεῖ.
924 2183 1067 2279 Ὁρῶμεν
1096 2191 1176 2274 γοῦν
1203 2189 1269 2254 τόν

255 2297 316 2381 μέν
336 2288 480 2378 ἀγαθῶν
501 2315 534 2356 τε
560 2289 614 2356 καί
640 2290 748 2356 καλῶν
768 2286 914 2382 πράξεων
936 2287 1054 2357 οὐδένα
1074 2289 1132 2373 τὴν
1151 2293 1266 2378 ἑιμαρ-

156 2399 161 2412 ’
255 2397 371 2482 μένην,
395 2389 482 2460 οὐδὲ
510 2389 569 2474 την
594 2386 739 2477 ἀνάγκην
757 2387 965 2482 ἀιτιόμενον,
989 2392 1066 2473 τούς
1088 2398 1123 2460 δὲ
1145 2391 1267 2472 κακούς

256 2493 296 2564 δι’
325 2497 446 2578 ἐκείνην
467 2491 639 2574 τοιούτους
670 2497 753 2563 ἐῖναι
780 2499 944 2583 λέγοντας.
983 2491 1021 2565 ‘0
1034 2492 1266 2575 πιστεύσαντες

255 2597 409 2680 καὶτοὺς
431 2593 644 2692 φιλοσόφους
672 2602 791 2685 λέγειν,
820 2601 889 2678 πῶς
916 2596 955 2667 ού
976 2597 1060 2686 μετὰ
1075 2599 1265 2691 παρρησίας

255 2700 351 2772 ἀστοί
373 2728 409 2790 γε
433 2705 485 2770 ἐπὶ
507 2704 612 2770 ταῦτα
638 2697 845 2785 ἐλεύσονται,
878 2697 955 2784 τούς
975 2727 1010 2770 τε
1035 2700 1158 2785 ἄλλους
1181 2727 1264 2794 προ-

254 2810 456 2901 τρὲιγοοσινς

316 3014 395 3092 Πῶς
420 3006 449 3080 δ
474 3010 515 3080 όίν
539 3008 671 3096 σώζοιεν
695 3013 835 3082 τοιαύτα
860 3017 1008 3101 λέγοντες
1033 3010 1091 3096 τὴν
1112 3009 1177 3080 ύπό
1198 3013 1264 3080 τῶν

252 3115 344 3184 θεῶν
364 3118 535 3204 γινομένην
560 3117 624 3185 τάν
644 3119 780 3200 θνητῶν
805 3112 984 3208 πρόνοιανς
1024 3120 1066 3191 ἐι.
1079 3115 1145 3209 γὰρ
1171 3111 1206 3182 ῖιί
1227 3141 1263 3182 τε

251 3220 314 3288 τῶν
338 3221 430 3287 θεῶν
456 3215 661 3316 ἐπιφάνειαι,
698 3211 739 3298 όίς
764 3243 851 3312 φασι
871 3221 1029 3306 γίνεσθαί
1053 3245 1142 3300 τισι,
1174 3213 1262 3286 κατά

252 3347 324 3391 τινα
349 3324 497 3411 γίνονται
520 3325 873 3412 προκαταβεβλημένην
899 3319 1026 3405 ἀντίαν,
1060 3319 1103 3402 ὡς
1120 3320 1185 3415 πρὸ
1200 3321 1262 3392 τού

251 3426 411 3512 γενέσθαί
426 3452 501 3494 τινα
518 3423 647 3509 ἀστῶν,
684 3421 814 3507 ἀληθὲς
833 3428 916 3494 ε’ῖναι
936 3424 975 3493 τό
994 3427 1088 3494 τοῦδε
1108 3435 1169 3514 μὲν
1191 3425 1260 3495 ἔσε-

252 3528 342 3596 σθαί
361 3557 435 3598 τινα
460 3533 495 3597 ἐκ
515 3531 607 3597 θεῶν
625 3529 834 3616 κηδεμονίαν,
863 3530 958 3596 τοῦδε
984 3531 1019 3596 δὲ
1041 3527 1103 3617 μὴ,
1132 3531 1201 3610 πῶς
1217 3527 1260 3598 όίν

211 3621 217 3635 ’
248 3633 296 3699 ἔτι
320 3635 418 3701 τοῦτο
446 3626 607 3726 πρόνοιάν
632 3658 683 3713 τις
704 3636 732 3714 ¹)
760 3633 897 3710 δικαίως
918 3634 1026 3719 λέγοι,
1040 3627 1106 3715 ’τὴν
1125 3631 1163 3700 ού
1186 3631 1256 3702 κατ’

249 3733 344 3817 ἀξίαν
362 3739 571 3824 γιγνομένην,
608 3731 695 3803 ἀλλά
715 3731 802 3804 κατά
823 3759 897 3803 τινα
923 3730 1068 3823 ἀνάγκην
1088 3761 1260 3829 προκατα-

235 3843 466 3926 ,βεβλημένηνς
487 3841 554 3919 πῶς
574 3834 604 3907 δ
624 3835 664 3909 ἀν
682 3835 818 3923 σώζοιτο
839 3845 895 3906 καί
919 3836 1039 3930 ἡπρός
1060 3836 1136 3920 τούς
1153 3839 1259 3920 θεοὺς

248 3945 396 4029 έσσέβεια
419 3945 482 4011 τῶν
500 3945 642 4031 ένοεβεῖν
666 3945 863 4025 δοκούντων,
897 3939 982 4014 διότι
1005 3940 1050 4031 μὴ
1072 3941 1116 4012 ἐπ
1145 3941 1259 4023 ἀντοῖς
