2758 4760
1084 369 1123 446 er

114 535 264 600 similiter
286 547 339 598 aut
361 534 453 598 etiam
474 537 538 598 boc
560 535 692 618 amplius
719 537 894 602 taceremus
917 538 1000 602 eirca
1024 539 1123 602 virtu*

113 652 192 714 tes,
216 638 244 702 si
269 637 425 722 aliquibus
448 659 466 700 a
487 649 598 700 natura
620 641 782 722 adessent:
806 640 951 710 nimirum
973 641 1054 704 sicut
1075 642 1123 706 sa·

113 744 219 806 cimus
241 763 321 827 erga
341 741 443 804 Deos.
503 739 585 806 Cum
610 743 742 810 veroid
770 744 839 806 fieri
867 757 1026 828 nequeat,
1066 767 1124 808 nec

112 846 148 908 id
174 847 264 930 quod
290 844 361 908 fieri
392 840 500 926 nequit
522 855 672 914 anetina
704 846 927 928 requirendum
958 849 1001 912 sit
1037 849 1125 930 (ipsa

113 949 202 1012 enirn
223 947 291 1012 eius
315 950 402 1031 quod
422 946 494 1011 fieri
514 959 620 1033 potest
643 960 695 1010 aut
723 970 789 1012 non
817 963 945 1032 potest,
980 973 1125 1017 mensura

112 1063 176 1128 est,
203 1051 305 1116 virtus
321 1050 446 1134 quidem
462 1050 689 1114 consummatio
714 1063 761 1114 est
783 1064 814 1115 et
835 1075 1015 1135 supremiun
1038 1059 1125 1138 quod

115 1155 274 1238 cuiusque
321 1165 433 1217 natura
478 1152 650 1238 pertingit)
694 1153 764 1218 lieri
797 1167 912 1246 dautem
945 1157 1052 1240 nequit
1088 1169 1123 1222 ut

109 1260 204 1341 quod
232 1258 414 1322 inchoatum
451 1268 498 1320 est
530 1269 667 1332 tantum,
706 1259 1006 1321 consummationem
1034 1282 1122 1323 suam
1178 1313 1181 1319 ,

108 1363 253 1424 babeat:
288 1361 469 1424 inchoatum
506 1372 608 1423 antem
641 1361 787 1444 quiddam
823 1373 870 1424 cst
892 1361 1028 1446 quidque
1051 1385 1121 1426 cum

110 1465 253 1546 primum
266 1463 422 1539 nascitur,
448 1464 590 1546 sequitur
611 1477 646 1526 ut
668 1464 769 1540 virtus
793 1487 863 1526 cum
885 1465 1011 1528 homine
1033 1465 1120 1530 nasci

109 1562 263 1650 nequeat.
312 1568 358 1630 At
385 1589 449 1630 non
477 1579 580 1628 tamen
609 1579 721 1630 natura
748 1567 824 1632 nihil
854 1570 894 1632 ad
922 1569 1012 1630 huius
1041 1568 1120 1632 boni

109 1671 315 1753 adeptionem
337 1671 474 1734 confert.
527 1671 590 1733 Sed
611 1671 706 1733 habet
729 1673 768 1732 ab
789 1669 858 1752 ipsa
879 1673 976 1736 homo
1001 1671 1117 1754 aptitu-
1146 1667 1148 1671 ’

108 1773 217 1838 dinem
239 1786 271 1836 et
291 1774 494 1849 facultatem,
525 1794 584 1854 per
606 1795 699 1856 quam
721 1773 864 1856 accipere
886 1774 1035 1836 virtutem
1056 1784 1116 1856 p'o-

108 1890 191 1954 test,
218 1895 301 1960 (plac
315 1876 456 1957 aptitudo
473 1877 550 1938 nulli
565 1875 616 1939 alii
625 1877 743 1940 tributa
755 1887 802 1938 est
818 1876 975 1942 animanti.
999 1879 1042 1940 Et
1053 1879 1119 1942 hoo

109 1993 157 2044 est
172 1981 208 2044 in
223 2000 287 2063 quo
300 1981 398 2044 bomo
417 2001 434 2040 a
449 1979 580 2042 caeteris
595 1979 799 2042 animantibus
813 1979 996 2082 naturqliter
1008 1980 1114 2056 distat,

110 2106 183 2146 cum
195 2083 228 2144 in
243 2083 346 2144 multis
363 2081 536 2146 commodis
553 2084 591 2142 ad
606 2102 723 2161 corpus
742 2081 969 2163 pertinentibus
993 2083 1031 2144 ab
1047 2084 1114 2146 ani-

109 2185 269 2250 mantibus
285 2185 351 2248 aliis
368 2185 523 2247 vincatur.
548 2185 643 2264 Quod
657 2185 685 2246 si
699 2185 781 2246 banc
795 2183 997 2266 aptitudinem
1012 2183 1113 2248 virtu-

108 2302 177 2352 tum
201 2311 348 2370 capacem
370 2288 416 2350 sic
437 2287 664 2370 accepissemus
688 2310 706 2350 a
733 2299 844 2350 natrtra
857 2334 876 2362 ,.
903 2299 937 2350 ut
959 2308 1113 2370 processu

108 2392 221 2456 aetatis
239 2390 518 2456 consummationes
532 2391 625 2466 sacti,
649 2391 692 2454 ita
707 2413 774 2453 eam
797 2392 1009 2472 acciperemus
1032 2391 1114 2454 sicut

108 2497 173 2560 viru
190 2495 378 2570 ambidandi,
393 2493 473 2558 sicut
481 2497 600 2570 dentes,
617 2495 697 2556 sieut
710 2495 840 2556 barbam
852 2493 1034 2575 accipimus,
1059 2507 1112 2558 aut

108 2601 168 2664 alia
192 2619 272 2682 quae
293 2597 386 2660 nobis
408 2619 468 2679 per
488 2610 631 2660 neutram
652 2596 895 2678 superveniunt,
920 2618 958 2658 nc
981 2597 1026 2660 sic
1041 2598 1111 2680 qui·

107 2707 179 2768 dem
206 2702 239 2764 in
266 2713 376 2766 nostra
406 2711 565 2783 potestate
594 2712 698 2762 essent
730 2699 884 2780 virtutes,
923 2722 988 2764 non
1010 2701 1110 2786 magis

108 2818 197 2870 certe
225 2826 319 2887 quam
348 2805 402 2868 illa
431 2824 511 2887 quae
539 2803 599 2866 iam
622 2802 864 2887 designavimus.
909 2804 1004 2865 Nunc
1032 2824 1110 2878 vero

107 2931 172 2974 non
196 2909 377 2972 istomodo
402 2906 533 2970 virtutes
556 2905 767 2986 adipiscimur.
812 2906 963 2988 Alioquin
986 2905 1012 2968 si
1033 2928 1110 2987 pru·

107 3012 216 3077 dentia
236 3024 268 3074 et
290 3012 391 3076 omnis
413 3010 513 3074 virtus
536 3009 595 3072 alia
616 3007 736 3072 homini
758 3021 895 3092 cognata
916 3021 1019 3085 esset,
1058 3031 1109 3072 eas

108 3130 161 3182 aut
185 3136 295 3180 omnes
324 3113 465 3178 homines
494 3125 546 3175 aut
575 3110 717 3194 plerique
747 3123 1035 3194 consequerentur,
1074 3123 1110 3174 nt

107 3223 169 3284 alia
190 3231 321 3282 neumae
344 3221 445 3290 bona;
478 3237 542 3280 non
564 3215 667 3278 solam
687 3213 912 3296 aptitudinem,
948 3217 1003 3276 sed
1024 3214 1107 3294 ipsas

15 3329 17 3336 '
108 3325 203 3389 etiam
224 3321 359 3386 virtutes
381 3331 491 3382 natura
512 3320 698 3380 haberemus
726 3319 868 3399 adeoque
896 3317 997 3378 nullus
1027 3327 1109 3378 esset

107 3441 162 3492 ant
183 3421 415 3489 laudationibus
437 3434 491 3484 aiu
523 3420 806 3504 vituperationibus
833 3423 946 3494 locus,
985 3426 1055 3480 c'um
1077 3426 1130 3480 et'

107 3532 139 3594 in
162 3527 332 3594 virtutibus
355 3537 386 3586 ot
406 3525 438 3588 in
460 3523 542 3588 vitiis
573 3547 629 3587 cur
655 3524 687 3586 in
713 3522 846 3588 'homine
878 3533 982 3586 essent
1014 3543 1108 3584 causa

107 3647 139 3697 et
161 3632 257 3718 origo
279 3653 321 3694 ex
342 3630 444 3694 divina
466 3634 596 3711 quadam
613 3640 699 3692 esset
728 3640 850 3692 natura.
907 3629 953 3691 At
975 3629 1053 3689 vero
1075 3627 1107 3690 id

108 3757 172 3800 non
194 3746 261 3811 cst,
285 3755 386 3816 neque
408 3733 490 3797 enim
511 3745 563 3796 ant
585 3754 693 3794 omnes
716 3745 768 3794 aut
790 3732 943 3814 plurimos
965 3731 1106 3796 videmus

109 3842 147 3902 ad
169 3839 318 3902 virtutem
338 3837 523 3918 pervenire,
563 3838 649 3918 quod
677 3835 800 3920 signnm
822 3848 870 3898 est
891 3857 1002 3900 ,eorum
1024 3857 1106 3917 quae

109 3961 149 4006 ex
168 3953 280 4006 natura
301 3940 391 4016 fiunt,
416 3941 622 4004 sed-multum
645 3951 692 4027 est
714 3939 840 4002 si'unns
864 3938 973 4032 aliquis
995 3939 1027 4006 id
1049 3941 1110 4002 ad·-
