2728 4758
425 911 748 1054 DeFalo.

10 1279 17 1288 .
114 1185 182 1267 (Er
203 1185 332 1254 Alcinoi
352 1187 593 1254 Introductione
614 1131 848 1254 ianlatonem.
893 1186 976 1276 Cap.
1000 1189 1069 1271 26.)
1155 1177 1158 1186 ’

370 1386 493 1458 Hugqm
511 1385 618 1442 Grotio
640 1392 809 1458 iuterprete.
828 1380 831 1385 ’

512 1603 705 1622 ..μ-ὴ..

156 1789 208 1854 De
227 1787 311 1854 Fato
327 1791 406 1853 haee
424 1798 496 1853 sunt
511 1787 655 1855 Platonis
673 1788 806 1871 placita:
831 1787 945 1852 Omnia
962 1787 994 1852 in
1012 1771 1094 1856 Fato

94 1915 163 1958 esse
193 1891 298 1970 dicio,
321 1914 386 1957 non
414 1903 517 1956 tamen
540 1892 645 1956 omnia
669 1893 752 1956 Fato
788 1893 926 1955 decreta.
981 1892 1094 1955 Fatum

97 1997 181 2062 enim
205 1995 286 2081 legis
312 1995 376 2058 vim
400 1993 516 2073 habet,
561 2017 627 2060 non
653 2007 689 2057 ut
714 1995 796 2058 dieat
822 1995 958 2077 exempli
979 2016 1094 2059 causa:

95 2099 148 2164 ille
171 2100 232 2188 ieta
251 2098 367 2174 faciet,
390 2097 450 2160 ista
470 2097 607 2180 patietur
628 2098 674 2178 <id
695 2093 776 2161 enim
796 2097 828 2160 in
849 2097 1003 2160 inlinitum
1019 2097 1092 2175 iret,

97 2225 170 2267 eum
193 2201 332 2266 infinitae
356 2199 417 2264 sint
444 2222 495 2264 res
522 2222 601 2286 quae
626 2201 706 2264 liunt
727 2213 759 2263 et
782 2201 901 2264 infinita
920 2199 995 2282 ipsis
1014 2199 1097 2264 acci·

95 2309 187 2374 flunt.
230 2307 403 2369 Praeterea
433 2303 498 2368 hoe
530 2307 627 2370 modo
660 2305 826 2369 tolleretur
857 2287 910 2383 id,
951 2306 1039 2388 quod
1065 2304 1098 2366 in

93 2422 205 2475 nostra
232 2407 392 2491 potestate
414 2419 479 2485 est,
521 2420 553 2471 et
583 2409 690 2471 laudes
722 2421 754 2471 et
785 2408 1032 2491 vituperationes
1065 2415 1097 2470 et

96 2511 248 2599 quicquid
271 2511 319 2574 his
341 2523 389 2574 est
409 2511 512 2590 affine)
529 2514 585 2574 se'd
604 2513 668 2577 hoc
688 2515 804 2576 modo:
836 2512 870 2574 Si
887 2512 955 2596 quis
977 2512 1096 2574 animus

93 2618 190 2680 talem
211 2615 307 2679 vitam
329 2615 424 2700 eligat
442 2627 473 2686 et
490 2615 564 2678 talia
583 2614 695 2693 saciat,
719 2615 793 2680 talia
810 2638 881 2680 eum
899 2636 1096 2698 consequen-

93 2731 160 2783 tur.
205 2721 266 2784 Est
286 2740 366 2803 ergo
388 2718 507 2781 animus
532 2741 597 2784 non
617 2722 676 2782 sub
701 2720 847 2797 domino,
879 2731 910 2782 et
927 2740 1024 2803 penes
1045 2719 1097 2800 ip·

94 2847 166 2890 sum
198 2834 246 2886 est
275 2843 371 2907 agere
398 2822 452 2885 vel
476 2845 540 2887 non
569 2845 682 2909 agere:
724 2844 825 2907 neque
850 2823 946 2885 ullam
976 2823 1008 2885 in
1036 2821 1097 2886 illis

95 2927 217 3012 patitur
251 2926 480 2989 necessitatem.
536 2925 583 2989 At
613 2929 700 3010 quod
726 2925 775 2988 his
806 2938 853 2988 est
879 2947 1094 3010 consequens,

45 3085 48 3091 .
95 3031 127 3095 id
156 3053 198 3094 ex
229 3027 301 3093 Fati
332 3029 529 3094 ordinatione
559 3028 752 3112 implebitur.
810 3030 959 3110 Exempli
994 3029 1097 3114 gratia

97 3157 171 3199 eum
191 3133 269 3198 illud
285 3132 378 3195 Paris
400 3133 502 3216 rapiet
522 3134 693 3210 Helenam,
733 3144 814 3196 esset
836 3133 867 3195 in
888 3132 1012 3197 Paridis
1035 3154 1097 3215 po-

96 3246 229 3314 testate,
265 3257 303 3300 eo
328 3237 401 3298 dato
425 3250 575 3320 sequetur
597 3238 694 3301 illud:
732 3236 855 3300 Bellum
880 3236 912 3299 in
936 3236 1096 3300 Troianos

98 3340 217 3406 Graeci
240 3350 351 3425 gerent
371 3352 507 3422 propter
528 3341 694 3406 Helenam.
738 3341 821 3418 Nam
848 3339 893 3404 sie
919 3351 951 3403 et
975 3339 1098 3422 Apollo

98 3444 185 3508 Laio
206 3441 425 3526 praedixerat:

232 3566 271 3620 Te
290 3582 409 3636 namque
424 3571 566 3637 perimet,
584 3573 611 3620 ai
629 3588 686 3640 qua
705 3572 762 3623 erit
780 3559 878 3638 proles
897 3569 962 3621 tibi.

166 3677 256 3740 Intra
271 3676 352 3761 legis
371 3687 474 3740 autem
496 3678 644 3741 ambitum
662 3678 941 3762 comprehenditur
959 3689 990 3742 et
1004 3677 1103 3744 Laius
1166 3688 1169 3694 '

100 3792 133 3845 et
156 3779 237 3842 satio
263 3779 386 3861 prolis:
411 3781 493 3845 Fato
520 3794 623 3843 autem
644 3783 804 3845 decretum
825 3795 944 3846 tantum
962 3794 1008 3844 est
1027 3780 1103 3844 illud

101 3903 314 3966 consequens.
372 3884 494 3946 Natura
523 3883 588 3949 eiua
629 3886 717 3968 quod
754 3884 823 3949 fieri
859 3897 982 3968 potest,
1024 3883 1105 3947 iacet

101 3986 339 4070 quodammodo
363 3984 446 4053 inter
467 4008 577 4054 verum
601 3999 632 4055 et
652 3988 784 4061 salsum:
815 3988 885 4059 fieri
909 4001 1104 4056 autemeam
