2774 4756
240 376 302 478 aro

197 579 209 602 .
323 547 465 631 templis,
504 549 544 610 ad
566 544 746 630 accipienda
766 566 825 628 per
846 547 1001 638 somnium
1023 547 1167 614 Deorum
1189 572 1242 614 re·
1299 529 1305 536 ’

326 671 454 733 sponsa,
479 652 517 713 de
539 648 652 732 qdibns
674 647 745 711 vide
768 649 808 712 F.
832 650 877 714 A.
893 651 999 714 Wolf.
1023 653 1068 714 V.
1087 651 1139 716 cl.
1161 655 1246 737 Bry-

326 764 409 836 erng
436 750 712 816 zaneaehiehte
743 748 798 815 des
818 753 1146 818 Somnnmbnlismna
1176 775 1243 818 aaa

330 852 404 916 dem
424 847 609 915 Allerthnm
629 849 661 913 in
674 849 698 911 l.
713 860 739 912 t.
763 852 965 919 Vermisodte
980 853 1154 934 Schriften
1175 851 1247 916 und

326 951 500 1032 Anssdtze.
521 953 655 1033 ΜΗ.
678 973 769 1037 seqq.
814 951 887 1033 (Ο.)

239 1050 293 1134 20)
322 1050 430 1118 κατὰ
451 1049 524 1134 τὴν
546 1051 732 1146 φυσικὴν
753 1049 1045 1136 κατασκευὴν]
1078 1054 1128 1117 Ita
1149 1075 1245 1118 sensu

322 1155 484 1241 flagitante
512 1158 640 1222 correxi
669 1179 740 1222 cum
762 1157 979 1222 Schulthessio
1008 1178 1070 1242 pro
1099 1153 1193 1248 παρὰ
1214 1181 1244 1222 τ.

352 1283 412 1326 .κ.
456 1259 529 1343 (0.)

236 1283 419 1442 2οα)φκαὶ
440 1361 538 1443 τοὺς
558 1363 701 1450 βίους]
725 1364 823 1428 Addit
838 1363 994 1427 Eusebius
1017 1362 1050 1446 ἐξ
1066 1355 1245 1444 ἀσκήσεως,

321 1469 377 1531 καὶ
398 1460 464 1531 ἀπὸ
484 1462 700 1553 μαθημάτων
731 1471 787 1534 καὶ
816 1461 882 1532 ἀπὸ
914 1459 1020 1550 λόγων
1051 1458 1244 1554 κρειττόνων

320 1567 566 1656 βελτιουμένου.
610 1570 684 1650 (0.)

239 1669 295 1750 21)
317 1655 458 1748 Ἧθος
478 1667 556 1762 γὰρ
579 1671 665 1751 eto]
687 1673 763 1737 Hoc
777 1671 933 1736 Heracliti
947 1671 1032 1734 dieto
1047 1669 1152 1754 possis
1167 1691 1243 1753 sup·

322 1773 411 1856 plere
434 1774 571 1840 eiusdem
587 1777 781 1862 Fragmenta
803 1776 937 1840 collecta
959 1777 999 1838 ab
1020 1776 1067 1838 Η.
1082 1774 1242 1856 Stephano

322 1875 354 1939 in
375 1877 469 1960 poe‘si
490 1871 724 1963 philosophica.
765 1864 845 1960 '(0.)

141 1969 145 1978 ’
234 1979 290 2060 22)
320 1974 371 2057 ὡς
392 1983 458 2046 ἐπὶ
479 1979 525 2048 τὸ
546 1980 770 2063 πλεῖστον]
792 1981 955 2046 Articulus
971 1979 1239 2045 abestinAld.2.

238 2081 296 2165 23)
325 2076 624 2166 ἀκολούθους]
669 2085 723 2150 Sic
753 2086 830 2152 Ald.
865 2085 897 2148 2.
932 2083 1039 2150 Casel.
1072 2095 1103 2147 et
1133 2086 1241 2148 Lond.

322 2181 532 2266 ἀκολούθως.

238 2288 323 2372 aaa)
349 2285 498 2376 βίαιός
529 2316 594 2371 τις
621 2295 692 2359 καὶ
713 2283 732 2358 ὃ
754 2285 975 2372 θάνατος]
1017 2291 1108 2356 Haec
1140 2289 1243 2356 omnia

321 2387 431 2457 inelius
453 2406 485 2458 et
506 2394 621 2460 clarius
650 2395 781 2480 exponit
803 2395 987 2460 Alexander
1013 2395 1046 2457 in
1070 2385 1237 2478 Capifibns

323 2498 362 2559 de
383 2498 527 2564 Fortuna
549 2510 581 2561 et
602 2500 685 2563 Fato
708 2519 750 2564 ex
770 2497 874 2562 Libro
896 2497 945 2562 ΙΙ.
968 2499 1006 2562 de
1029 2496 1154 2574 anima,
1192 2497 1241 2561 in·

320 2599 372 2665 fra
392 2601 465 2666 huic
486 2601 595 2667 libello
624 2604 664 2666 ad
685 2602 900 2686 Imperatores
930 2604 971 2666 ad
997 2601 1115 2665 calcem
1135 2623 1241 2686 appo·

321 2700 402 2768 aitis.
446 2703 520 2785 (Ο.)
1044 2763 1047 2770 .

237 2805 294 2886 24)
322 2799 426 2887 ἁύτη
446 2804 548 2901 γὰρ]
579 2807 632 2873 8ἱο
652 2810 761 2876 Havn.
784 2802 868 2890 ἆοτὴ
890 2803 954 2900 γὰρ
977 2807 1111 2875 Aldinae
1132 2807 1252 2874 Casei..

322 2919 353 2972 et
375 2911 485 2975 Lond.
983 2913 987 2919 '

237 3010 293 3092 25)
321 3013 374 3103 τῷ
395 3014 436 3077 δὲ
458 3009 702 3111 ἀκολάστῳ]
726 3019 803 3083 Ald.
821 3023 853 3084 1.
876 3019 922 3110 τῷ
943 3019 980 3084 δέ
998 3041 1035 3102 γε
1058 3009 1249 3106 ἀκολάστῳ.

236 3112 293 3195 26)
322 3107 406 3182 ἀλλ’
430 3117 465 3182 ἐὶ
485 3117 546 3198 τι]
583 3122 691 3185 Havn.
715 3117 823 3210 ἂκμὴ
846 3146 895 3190 τι.
924 3122 1012 3206 quod
1034 3139 1147 3186 verum
1170 3139 1247 3183 een·

321 3237 391 3281 seo.
435 3218 549 3302 (Onon.
572 3222 695 3306 Orell.)
1238 3233 1254 3257 ⁰

233 3315 294 3400 27)
321 3313 471 3390 ἀλλ’,ἒὶ
502 3344 543 3389 τι
577 3318 753 3394 κάλλιον
791 3329 830 3394 ἐν
873 3323 983 3420 doro}
1018 3322 1248 3415 γενόμενον

323 3423 447 3506 exam}
467 3425 539 3492 λοῦ
559 3426 664 3495 κατὰ
686 3424 837 3522 φύσιν]
858 3431 1028 3496 ΙῐοιΜοο.
1054 3432 1134 3496 Ald.
1157 3431 1189 3495 2.
1213 3440 1249 3494 et
1274 3435 1280 3444 “

322 3527 432 3592 Lond.
476 3530 522 3594 At
542 3530 621 3594 Ald.
646 3533 677 3595 1.
700 3533 938 3617 corruptissime
965 3525 1036 3598 ἀλλ’
1063 3536 1090 3600 ἐι
1112 3557 1144 3600 τι
1165 3525 1249 3599 κᾶλ-

168 3647 227 3727 ',¹,'„
321 3629 394 3696 λιον
413 3626 582 3717 γενόμενος
604 3635 758 3718 ἐκπέστης
788 3637 846 3718 τῆς
867 3631 954 3704 κατὰ
975 3629 1091 3728 φύσιν.
1133 3637 1248 3702 Havn.

320 3726 492 3818 γενόμενος
514 3735 649 3830 ἐκπέσῃ,
680 3737 713 3804 in
734 3738 876 3826 margine
901 3751 1010 3804 tamen
1035 3738 1169 3824 corrigit
1194 3740 1248 3804 ἑκ-

321 3836 392 3918 στῆ.
436 3836 521 3900 Mox
543 3839 602 3906 τοῦ
622 3836 709 3906 κατὰ
730 3835 833 3928 φύσιν
860 3839 944 3906 edidi
969 3859 1036 3926 pro
1069 3842 1127 3924 τῆς
1158 3837 1248 3907 κατὰ

192 3911 206 4030 λ
317 3931 444 4028 φύσιν,
480 3941 569 4026 quod
595 3953 680 4014 atero
708 3965 773 4010 non
794 3953 919 4030 potest,
956 3946 1018 4012 nisi
1051 3967 1090 4010 ex
1118 3956 1247 4026 antece·
