2728 4758
1062 437 1122 500 2115

117 614 228 675 scere,
267 605 321 662 aut
347 595 505 662 hominem
526 605 674 683 tanquam
703 601 836 664 stellam.
870 603 990 683 'Qualis
1019 604 1116 689 igitur

115 701 195 763 haec
224 711 271 764 est
303 700 462 786 cognitio,
502 723 581 785 quac
599 705 652 764 ‘de
688 703 885 791 recognita
914 707 998 770 aliud
1021 708 1113 791 quid,

118 823 221 888 queam
240 808 326 889 qrrod
349 806 382 869 in
406 805 475 888 ipsa
496 816 561 882 est,
592 805 783 891 cognoscit?
818 809 990 874 Praeterea
1015 812 1117 876 omni·

116 905 394 991 husphilosophis
414 919 461 971 est
481 907 513 972 in
534 909 683 973 confesso
704 909 809 974 Deum
835 915 999 995 operando
1019 936 1115 980 nosse

118 1010 234 1073 omnia.
281 1010 315 1073 Si
335 1010 433 1095 igitur
459 1013 621 1092 operando
649 1011 751 1076 omnia
773 1013 882 1092 novit,
916 1037 1044 1080 necesse
1070 1029 1118 1082 est

112 1096 211 1176 ¹etiam
251 1113 395 1190 definiat,
438 1135 641 1198 quaecunque
674 1114 786 1180 iecerit
812 1127 866 1179 aut
905 1119 1112 1204 cognoverit,

116 1218 261 1299 adeoque
278 1214 355 1278 nihil
370 1215 566 1300 relinquatur
584 1216 779 1282 indefinitum
797 1239 927 1296 eorum,
951 1241 1031 1304 quiae
1046 1221 1116 1306 ipse

115 1317 365 1412 velimmediate
394 1319 446 1383 vel
466 1341 527 1403 per
551 1320 652 1384 media
674 1319 808 1400 fecerit,
832 1333 886 1386 aut
911 1325 1114 1407 cognoverit.

117 1420 335 1486 Omnia-vero
364 1441 445 1506 qnae
474 1424 559 1488 hona
588 1436 660 1486 sunt
684 1424 790 1488 iacere
820 1424 999 1507 necessario
1024 1427 1118 1490 dehet

117 1535 150 1588 et
177 1536 300 1601 nosse,
328 1509 401 1589 nisi⁴
416 1547 524 1590 manca
550 1527 662 1592 debeat
688 1523 754 1592 eius
780 1537 811 1591 et
835 1527 1035 1610 providentia
1063 1532 1118 1594 de·

115 1626 271 1710 prehendi
292 1637 324 1692 et
344 1629 499 1713 cognitio.
543 1630 632 1694 Mala
655 1643 775 1708 autern,
799 1651 880 1715 quae
897 1630 1042 1694 nimirum
1062 1633 1116 1698 de·

116 1728 298 1816 gerationes
325 1743 398 1794 srmt
429 1735 469 1794 ab
499 1733 604 1809 Ente,
642 1733 807 1817 nequidem
836 1755 929 1796 causa
956 1733 1115 1818 indigent,

115 1845 153 1924 ut
179 1835 259 1896 adeo
281 1833 368 1898 Deus
390 1834 554 1916 nequidem
580 1857 641 1918 per
666 1836 884 1918 providentiae
909 1828 941 1899 et
966 1835 1038 1900 Fati
1065 1859 1117 1904 ra·
1176 1883 1182 1912 t

115 1935 237 2000 tionem
256 1939 296 1999 ad
313 1947 487 1999 extremum
505 1941 705 2020 perductam,
742 1939 858 2003 horum
881 1959 991 2002 causae
1012 1939 1118 2005 invol-

116 2048 224 2101 vatur.
279 2040 416 2101 Tantum
442 2038 500 2102 tibi
529 2044 758 2124 respondemus
790 2043 829 2104 ad
859 2041 974 2118 dubia,
1014 2042 1117 2120 Viro,

116 2141 218 2225 qualis
240 2153 347 2218 tues,
372 2142 556 2206 suffectura.

230 2285 409 2338 Testimom'a
429 2286 469 2338 ad
486 2278 688 2357 Quaestionem
708 2288 741 2341 de
760 2290 843 2341 Fato.

182 2434 250 2508 Pro
278 2431 349 2498 Fati
371 2442 473 2496 anatem
494 2433 616 2496 ratione
634 2435 752 2496 nullum
775 2435 858 2498 aliud
880 2434 937 2498 tibi
957 2436 1117 2508 exhibebo

116 2535 348 2614 testimonium,
384 2557 478 2618 quam
500 2534 577 2598 illud
599 2535 743 2601 Platonis
768 2535 884 2626 ipsius,
922 2537 1054 2618 petitum
1076 2559 1116 2600 ex

117 2639 323 2722 Epinomide.
368 2637 542 2715 „Animae
573 2638 691 2722 inquit,
716 2639 904 2715 necessitas,
930 2660 1009 2722 quiae
1033 2661 1118 2708 men-

118 2727 205 2818 „tcm
229 2741 389 2825 possidet,
421 2741 559 2805 omnium
578 2741 795 2805 necessitatum
818 2753 865 2804 est
886 2741 1038 2816 maxima3
1060 2742 1123 2804 im·

116 2867 254 2930 „perans
278 2845 375 2921 enim,
406 2843 484 2906 nrrlli
509 2865 588 2907 vero
609 2865 722 2925 parens
744 2846 831 2930 leges
852 2848 917 2909 dat.
968 2847 1119 2908 Immuta·

116 2948 246 3024 „bilitas
277 2969 358 3012 uero
387 2947 457 3021 illa,
496 2967 566 3008 cum
582 2981 584 2991 »
603 2946 702 3008 anima
737 2947 889 3028 optimum
926 2949 1119 3012 consuluerit

117 3053 312 3127 „secundum
335 3048 483 3133 optimam
505 3059 656 3124 mentem,
681 3068 757 3111 vere
781 3048 924 3131 perfecta
947 3050 984 3112 lit
1005 3071 1118 3114 sccun-

117 3156 218 3230 „dum
237 3164 392 3228 mentem,
416 3163 448 3215 et
465 3173 504 3214 ne
518 3154 642 3218 adamas
661 3151 786 3234 quidem
803 3152 857 3218 illa
873 3151 993 3218 fortior
1009 3154 1115 3229 luerit,

117 3269 197 3334 „aut
217 3254 317 3338 magis
340 3253 554 3330 immutabilis,
579 3257 635 3318 scd
655 3275 770 3317 revera
788 3267 852 3319 tres
875 3256 997 3319 Parcae
1023 3256 1117 3319 effici·

117 3371 196 3436 „unt
217 3369 249 3422 et
269 3367 446 3440 praestant,
470 3369 504 3420 ut
518 3359 692 3438 perlectum
706 3358 763 3435 sit,
787 3360 874 3440 qraod
896 3358 1017 3440 optimo
1040 3380 1118 3421 con-

118 3465 211 3540 ,silio
238 3465 397 3525 decretum
425 3471 472 3523 est
498 3460 665 3544 unicuique
684 3459 863 3524 Deorum.”
907 3459 1014 3541 Quane
1037 3464 1117 3525 mul-

118 3584 186 3634 tum
209 3569 314 3642 abest,
349 3575 383 3628 ut
405 3562 548 3626 Platonis
568 3563 666 3626 secuti
685 3564 745 3626 sint
763 3576 913 3639 mentem,
946 3564 1000 3646 qui
1017 3566 1116 3630 effoe-

119 3674 253 3737 minatae
277 3668 394 3734 animae
421 3666 599 3750 opinionem
626 3667 731 3728 dicunt
748 3667 831 3730 illam
858 3669 895 3729 de
909 3668 1009 3743 Fato,
1035 3689 1115 3751 quo·

120 3779 202 3844 niam
230 3775 257 3837 is
286 3770 528 3855 sapientissimae
562 3768 680 3831 animae
709 3771 873 3834 maximam
903 3771 1117 3834 necessitatem

120 3878 266 3962 imponit.
313 3876 374 3938 Sed
402 3875 486 3940 sorte
517 3872 585 3956 quis
618 3871 771 3935 existimet
797 3875 914 3936 animae
945 3873 1118 3938 irrationali

120 3985 206 4050 illum
228 4002 292 4046 non
311 3999 408 4063 aeque
429 3979 592 4060 imponere
611 3977 764 4058 quandam
785 3975 1010 4039 necessitatem.
1056 3977 1132 4066 Sed&

34 4210 37 4230 ¹
119 4217 128 4254 l
