2804 4762
307 715 515 790 Ἑπαιίοαντο
536 713 565 787 5
587 713 630 787 55
649 717 708 800 τῆς
725 720 760 786 έν
778 720 849 795 τοῖς
862 712 975 804 λόγοις
993 713 1187 810 φιλοτιμίας
1201 721 1257 784 καὶ

250 819 516 916 σογχωρησαιντο
548 823 632 890 έῖναι
658 816 698 887 τὸ
730 815 779 914 ἐφ’
813 814 892 908 ἡμῖν
921 813 1100 911 ἐλευθερίαν
1133 843 1168 886 τε
1202 826 1258 887 καὶ

249 925 458 1009 ἀυτεξούσιον
478 930 534 993 καὶ
554 920 667 1016 κύριον
691 924 750 1005 τῆς
771 925 835 990 τῶν
852 919 1080 1011 ἀντικειμένων
1104 918 1259 1014 ἀιρεσεώς

200 1027 204 1040 ’
249 1055 283 1100 τι
311 1035 367 1098 καί
392 1025 552 1123 πράξεως,
600 1031 651 1094 ἐπὶ
680 1026 893 1118 περιεστῶσιν
923 1023 1102 1118 ἄνθρωποι
1134 1016 1276 1094 δίκαιοι

248 1133 405 1222 γίνεσθαι
427 1134 683 1248 πεπιστευμένοι
699 1125 819 1218 ὁμοίως
846 1124 993 1208 ἰδιώταις
1027 1137 1084 1198 καὶ
1111 1133 1259 1218 νομοθέ-

251 1260 327 1315 ταις
351 1240 393 1317 ².)
446 1231 537 1302 ’E555
564 1237 600 1302 55
585 1235 722 1302 555555
750 1236 777 1315 ³)
816 1229 855 1302 55
883 1223 1176 1356 συγγινώσκεσθαι
1199 1241 1261 1323 μέν

249 1337 411 1422 ἀξίους’
395 1341 480 1406 εῖναι
513 1334 589 1415 τοὺς
619 1332 782 1415 ἀκουσίως
806 1333 958 1404 τοιοῦτόν
990 1361 1023 1404 τι
1054 1332 1260 1429 πράξαντας,

250 1441 310 1532 οὐχ
345 1438 387 1519 ὡς
415 1444 466 1509 5555
494 1444 543 1532 τῷ
568 1442 727 1531 γινομένῳ
758 1434 929 1530 πράγματι
950 1435 982 1522 4)
1006 1441 1065 1521 τῆς
1094 1437 1262 1519 κολάσεως
1337 1473 1340 1482 ·

250 1542 461 1668 ὁριζομένης,
498 1538 568 1610 ἀλλ’
600 1543 652 1610 5555
679 1543 725 1633 τῷ
755 1537 865 1634 τρόπῳ
891 1544 951 1624 τῆς
982 1538 1144 1635 πράξεως,
1180 1536 1260 1635 ὅπερ

251 1646 344 1716 5555
352 1651 415 1714 τῶν
432 1644 583 1713 ἀλλων
555 1667 620 1726 τις,
652 1640 728 1713 5555
750 1642 856 1713 ἀυτῶν
876 1641 1002 1715 τούτων
1023 1642 1067 1726 ὡς
1092 1644 1130 1714 οὐ
1153 1649 1262 1726 καλῶς

250 1753 339 1842 ἔχον,
361 1747 521 1818 555555555.
564 1749 635 1816 Καί
656 1773 710 1816 τοι
728 1748 760 1815 τί
776 1749 840 1816 τῶν
860 1744 947 1816 55”
923 1773 1064 1878 αγνριαν
1077 1755 1262 1842 πραττομέ

250 1879 314 1924 νων
334 1858 381 1936 5),
410 1847 703 1944 ἀμαρτανόντωνῆ
726 1839 827 1943 βίᾳ
806 1876 906 1932 ηττον
925 1849 967 1954 ἀν
992 1856 1053 1921 έῖεν
1070 1850 1263 1942 συγγνώμης

250 1955 356 2040 ἀξιοι,
392 1951 514 2036 εἰδότες
537 1962 598 2044 μὲν
629 1949 653 2021 5
680 1949 900 2046 πράττουσιν,
936 1949 995 2026 οὐκ
1017 1957 1143 2046 ἔχοντες
1171 1960 1245 2024 δὲ
1230 1982 1264 2024 εν

252 2057 367 2140 ἀυτοῖς
391 2057 451 2188 555
479 2058 644 2140 ἐξουσίαν,
683 2059 744 2125 τοῦ
772 2055 918 2140 (τούτων
945 2056 1059 2150 ἀυτοῖς
1089 2055 1264 2152 περιεστώ-

250 2188 316 2234 των
337 2158 431 2245 ⁶),‘
416 2157 440 2230 σί
457 2157 586 2241 πάντως
610 2158 726 2239 ἀυτοῖς
753 2167 809 2228 και
831 2159 908 2244 55³
888 2158 1033 2250 ἀνάγκης
1052 2165 1263 2282 περιεστάναι

251 2257 319 2350 δεῖ)
334 2265 417 2334 ἀλλο
435 2291 472 2333 τι
491 2260 661 2356 [πραττιιν
668 2267 691 2346 ,]
718 2265 746 2346 )
764 2291 832 2357 παρ
862 2261 886 2331 5
905 2261 1109 2391 πράττουσις
1137 2269 1183 2358 τῷ
1201 2262 1264 2387 555

252 2367 354 2494 55555
380 2367 490 2437 ἀυτῶν
514 2367 597 2436 έῖναι
625 2363 802 2451 τοιαύτην,
838 2373 895 2436 καὶ
919 2372 1003 2436 έῖναι
1028 2367 1066 2436 τὸ
1092 2367 1178 2446 κατὰ
1204 2366 1265 2451 555

252 2471 374 2541 οἰκείαν
394 2468 508 2551 ἀστοῖς
529 2467 630 2563 φύσιν
653 2473 791 2540 ἑκαστον
811 2466 983 2561 πράττειν,Ι
1012 2463 1056 2540 ὧν
1078 2467 1266 2566 πράττουσι

252 2573 334 2645 καθ
364 2577 576 2665 έιμαρμὲνην,
622 2569 666 2653 ὡς
699 2579 770 2652 τοῖς
807 2570 956 2666 βάρεσιν
977 2573 1158 2670 ἀφεθεῖσαι
1191 2572 1265 2656 ⁷5)

218 2731 220 2738 ι
252 2676 387 2749 ἀνωθεν
414 2675 457 2746 τὸ’
483 2678 653 2772 φέρεσθαι
680 2672 785 2757 κάτω,
822 2683 878 2745 καὶ
906 2684 976 2758 τοῖς
1005 2683 1195 2773 περιφερέσι
1224 2676 1266 2746 τὸ

252 2779 339 2850 κατὰ
354 2783 416 2850 505
434 2783 600 2872 πρανοῦς,
622 2783 651 2848 55
676 2777 916 2874 555555555'
934 2779 1057 2865 ἀυτοῦ,
1080 2788 1262 2851 κινεῖσθαι

243 2879 384 2974 Ὅμοιον
408 2882 472 2975 γὰρ
486 2881 541 2951 τὸ
567 2880 705 2951 τοῦτὸν
731 2879 832 2951 ἰ’ππον
863 2881 1013 2968 κολάζειν
1044 2884 1173 2970 ἀξιοῦν,
1211 2878 1266 2954 ὅτι

251 2986 298 3077 μὴ
328 2987 415 3056 ἔστιν
444 2983 642 3078 ἄνθρωπος,
678 2987 823 3054 καὶτῶν
851 2985 958 3056 ἀλλων
989 2985 1077 3072 ζώων
1109 2993 1265 3064 ἕκαστον,

253 3085 298 3170 ἀς
318 3085 440 3172 ταύτης
462 3091 521 3172 τῆς
540 3090 651 3182 ψυχῆς
673 3092 703 3169 ⁸5
731 3095 788 3156 καλ
812 3087 857 3178 μὴ
878 3093 1047 3178 βελτίονος
1068 3089 1285 3182 τετυχήκασι

252 3219 347 3272 τινες.
385 3189 474 3260 Ἀλλ’
499 3189 604 3269 οὐδεὶς
635 3188 788 3281 Φάλαρις
810 3189 914 3274 ὁιίτως
931 3192 1019 3286 ὠμός
1035 3223 1070 3264 τε
1092 3203 1147 3265 καὶ
1163 3194 1265 3279 ἀνόη-

252 3319 310 3375 τος
328 3292 371 3374 ὡς
388 3297 440 3365 5555'
459 3321 525 3363 τινι
541 3296 606 3364 τῶν
620 3289 706 3361 ὁύτω
720 3301 898 3384 γινομένων
919 3296 1068 3382 κολτίζειν
1088 3298 1147 3368 τὸν
1167 3297 1266 3383 5555ss

252 3423 367 3468 σαντα.
405 3394 525 3487 '5125'
494 3421 579 3466 τισιν
596 3394 654 3464 555
672 3425 709 3464 αι
699 3394 877 3480 (κολάσεις
897 3398 1027 3489 έύλογσι
1048 3407 1100 3487 9),·
1141 3399 1206 3492 οὐχ
1216 3406 1262 3472 555³

252 3499 367 3581 ἀλλοις
387 3502 491 3584 τισίνς
520 3502 579 3568 ἐπὶ
589 3504 649 3582 95)
673 3506 743 3580 τοῖς
749 3502 853 3626 παρὰ
873 3503 941 3587 τὴν
953 3503 1061 3575 ἀυτῶν
1080 3505 1265 3598 μοχθηρὰν

252 3600 377 3695 ἁίρεσιν
401 3606 593 3691 γινομένοις.
637 3595 764 3698 ΗΕιμ
739 3631 783 3673 ων
809 3606 874 3699 γὰρ
904 3604 999 3676 ἀυτολ
1028 3608 1088 3692 τὴν
1114 3613 1265 3693 ἐξουσίαν
1332 3593 1340 3610 ⁸

253 3710 311 3790 τῆς
335 3711 487 3797 αἱρέσεως
521 3706 661 3797 ἔχοντες,
699 3707 936 3791 καταλιπόντες
967 3710 1025 3780 τὸν
1050 3713 1174 3782 σκοπὸν
1200 3717 1265 3781 τῶν
1294 3737 1297 3742 ·

191 3844 196 3858 ·
252 3812 501 3930 πραττομένων,
522 3807 577 3904 ὑφ’
604 3808 712 3880 ἀυτῶν
731 3816 775 3896 ¹⁰)
796 3819 979 3940 ποιεῖσθαι
991 3811 1066 3884 τότε
1084 3815 1197 3886 καλὸν
1207 3827 1265 3888 καὶ

253 3911 312 3980 τὸν
334 3907 437 4000 νόμον
460 3915 524 3996 ¹¹),
559 3919 694 4008 κέρδους
725 3920 770 3998 ¹²)
795 3913 978 4011 χάριν,η
957 3916 1127 4004 ἢὴδονῆς
1155 3931 1262 4022 τινος

252 4011 471 4106 ὑπερορῶντες
501 4019 625 4088 ἐκείνων
654 4013 837 4110 πράττουσι
874 4020 917 4089 τά
947 4026 1082 4114 φαῦλα,
1126 4023 1265 4108 τούτους
