2804 4762
1081 384 1122 448 aa

118 544 236 609 veritas
255 542 318 608 vim
333 543 428 608 babet
442 555 473 608 et
491 565 532 610 ex
547 543 641 610 rebus
655 542 732 628 ipsis
751 548 877 612 cudens
895 549 1121 616 testimonium.

118 649 216 729 Quod
227 648 254 710 si
267 647 328 710 ista
340 666 419 730 qnae
426 647 477 710 isti
489 648 607 724 dictant,
622 669 693 711 cum
700 649 763 713 sint
774 651 858 728 talia,
873 674 941 716 eam
953 651 1016 715 vim
1028 665 1121 736 atque

118 749 338 814 auctoritatem
361 750 615 834 consequantur,
639 762 675 813 ut
696 751 740 816 eis
757 757 886 817 credant
909 777 1038 831 omnes,
1063 775 1122 820 nos

117 853 232 918 nidlius
248 851 295 915 rei
306 872 374 916 esse
385 852 541 928 dominos,
556 855 612 916 sed
622 853 704 917 trahi
712 876 770 919 nos
784 859 906 921 arebus
918 857 1123 922 circumstan-

117 955 223 1032 tibus,
259 955 302 1019 ita
324 965 358 1017 ut
380 955 482 1018 abeis
508 955 670 1025 vincamur
693 977 793 1041 eaque
818 964 1053 1043 approbemus,
1093 974 1126 1026 et

119 1079 250 1144 agamus
277 1079 314 1121 ea
342 1077 422 1141 quae
445 1057 585 1142 agimus,
622 1059 695 1142 quia
721 1061 849 1125 omnino
872 1063 917 1126 sic
938 1086 1033 1150 agere
1057 1075 1126 1128 erat

102 1181 261 1225 necesse.
305 1160 447 1243 (Quippe
469 1181 540 1223 cum
557 1160 706 1227 fieri-non
723 1164 827 1246 possit
847 1177 882 1227 ut
903 1167 993 1230 aliter
1011 1189 1125 1254 agere·

118 1285 186 1328 mus
207 1263 276 1328 istis
291 1265 387 1326 rebus
409 1284 468 1328 nos
487 1263 760 1330 circumstantibus
783 1278 955 1352 contraque
978 1269 1038 1333 alia
1059 1292 1125 1334 non

118 1366 240 1452 agimus
261 1366 352 1443 ideo,
378 1369 465 1450 quod
484 1367 630 1432 resistere
651 1389 839 1452 nequeamus
856 1371 991 1448 talibus,
1015 1375 1124 1455 quales

117 1480 208 1545 sunt,
248 1469 344 1532 rebus
376 1470 494 1534 circum
522 1491 582 1534 nos
607 1471 733 1553 positis)
763 1472 838 1556 quid
867 1473 950 1536 aliud
980 1475 1123 1552 eveniet,

119 1593 213 1655 quam
231 1583 267 1635 ut
288 1593 397 1636 omnes
417 1572 563 1636 homines'
580 1586 715 1657 propter
727 1577 809 1640 hano
826 1578 1063 1658 persuasionem
1086 1601 1123 1642 ea

120 1688 233 1740 cuncta
254 1697 334 1758 quac
356 1693 427 1741 cum
447 1677 558 1740 labore
581 1699 719 1761 cruraque
737 1679 835 1756 fiunt,
859 1681 965 1745 valere
983 1681 1122 1758 iubeant,

119 1778 155 1842 iis
174 1790 278 1842 autem
293 1779 475 1862 praeferant
495 1780 591 1844 uitam
612 1781 735 1846 facilem
752 1793 783 1846 et
804 1778 1022 1865 voluptatibus
1044 1807 1124 1848 con·

119 1881 275 1958 itmctam,
315 1882 406 1966 quia,
445 1904 517 1946 cum
547 1905 584 1946 ea
608 1895 728 1947 tantum
754 1897 906 1950 eventura
928 1885 1005 1964 sint,
1044 1909 1125 1971 quae

120 1984 301 2048 necessario
322 1985 487 2062 evenient,
511 1985 588 2050 nihil
607 1986 669 2070 ipsi
690 1988 767 2052 boni
783 2010 824 2051 ex
838 1987 931 2053 bonis
949 1989 1125 2055 actionibus

120 2087 180 2152 sint
200 2089 409 2170 reportaturi.
453 2087 536 2152 Cum
561 2089 709 2174 sicergo
735 2091 841 2152 affecti
867 2103 959 2154 erunt
982 2092 1127 2156 homines

121 2203 151 2254 et
167 2203 256 2254 actus
280 2203 371 2254 erunt
392 2190 552 2254 sententiis
572 2204 784 2277 congruentes
807 2193 938 2276 (quippe
960 2215 1001 2256 ex
1016 2215 1128 2265 eorum

120 2294 226 2358 fallaci
258 2293 408 2378 opinione
437 2317 503 2358 non
533 2295 622 2359 aliter
662 2315 697 2360 se
735 2301 787 2360 res
813 2297 932 2360 habere
956 2307 1126 2380 poterunt,

122 2420 214 2481 quam
232 2419 268 2462 se
293 2399 429 2477 habent)
452 2398 527 2481 quid
545 2398 629 2462 aliud
649 2398 721 2462 inde
744 2412 913 2485 exsurget,
938 2422 1030 2484 quam
1056 2421 1125 2464 om·
1226 2417 1234 2435 ⁸

119 2502 203 2566 nium
221 2522 329 2564 rerum
343 2503 547 2565 honestarum
563 2504 647 2584 apud
662 2523 770 2566 omnes
788 2497 973 2587 neglectus,
1003 2503 1126 2586 (talium

121 2605 202 2670 euim
221 2615 253 2668 et
270 2604 397 2686 adeptio
419 2615 450 2668 ct
466 2595 668 2669 conservatio
683 2606 795 2670 labore
814 2616 938 2670 constat
946 2608 970 2684 ,)
1001 2617 1032 2668 et
1047 2627 1126 2668 con·

120 2721 170 2772 tra
190 2707 366 2790 propensio
390 2710 429 2770 ad
445 2729 563 2790 prava,
586 2720 622 2771 ut
639 2729 720 2790 quiae
732 2708 826 2772 facile
849 2719 985 2793 agantur
1004 2720 1035 2772 et
1056 2729 1127 2772 curn

122 2810 310 2893 voluptate?
352 2811 406 2874 Ad
429 2811 598 2894 quosquis
626 2832 695 2873 esse
722 2811 841 2893 poterit
869 2833 974 2876 sermo
1001 2811 1128 2875 illorum

122 2909 258 2997 quorum
275 2913 328 2976 isti
345 2913 463 2976 inducti
479 2913 602 2994 placitis
621 2916 660 2976 ad
681 2913 755 2975 talia
774 2911 955 2977 devenere?
976 2916 1126 2996 Respon-

122 3019 239 3080 debant
265 3015 347 3080 enim
371 3015 432 3079 illis
457 3015 553 3098 iiqui
573 3017 818 3092 accusabantur,
842 3037 907 3080 non
927 3017 1068 3099 potuisse
1091 3039 1125 3080 se

64 3176 67 3181 .
121 3120 203 3184 aliud
214 3119 384 3204 quidquam
399 3140 494 3203 agere
512 3119 627 3182 talibus
645 3120 741 3182 rebus
759 3139 794 3182 se
816 3117 1100 3184 circumstantibus:
1120 3163 1130 3203 3

124 3223 299 3304 Quomodo
330 3243 387 3286 eos
418 3223 487 3287 iure
520 3224 771 3306 reprehendant,
791 3218 794 3222 ’
814 3222 869 3306 qui
897 3223 940 3286 eis
965 3244 1025 3305 per
1054 3224 1130 3290 talia

120 3326 238 3408 placita
259 3328 298 3388 ad
317 3326 412 3388 talem
438 3325 533 3390 vitam
551 3327 693 3412 magistri
705 3325 831 3412 ¹luere?
860 3323 932 3390 Imo
950 3347 1051 3407 neque
1065 3328 1127 3388 ob-

123 3430 341 3516 iurgationes,
377 3450 481 3511 nequae
509 3430 752 3514 castigationes,
792 3449 895 3510 neque
924 3429 1127 3506 exhortatio,

122 3553 225 3618 neque
249 3534 378 3609 landes,
402 3553 461 3596 nec
483 3531 650 3616 quicquam
671 3534 719 3596 his
741 3531 840 3596 simile
859 3531 1022 3614 propriam
1040 3553 1128 3596 suam

123 3640 206 3720 apud
227 3659 284 3702 eos
299 3649 442 3724 nausiam
457 3635 602 3700 obtinere
619 3649 765 3719 possunt.
780 3677 783 3686 ·
810 3636 874 3699 Sed
895 3638 1009 3700 horum
1035 3636 1127 3703 etiam

122 3743 271 3825 quodque
305 3740 359 3803 liet
395 3759 436 3802 ex
464 3739 648 3804 necessitate
686 3739 767 3804 sicut
802 3740 854 3804 illa
887 3761 983 3822 super
1014 3740 1128 3824 quibus

123 3845 213 3910 liunt.
273 3844 448 3923 Quomodo
477 3843 556 3910 enim
584 3843 703 3910 Priami
734 3842 815 3906 filius
846 3843 1030 3908 Alexander
1063 3844 1130 3904 cul-

123 3949 269 4030 pabitur,
320 3958 354 4010 ut
395 3947 449 4030 qui
477 3948 636 4032 peccarit,
683 3969 754 4009 cum
790 3947 944 4011 Helenam
978 3945 1132 4030 raperet?
