2774 4756
148 644 152 649 ,
201 561 405 646 imperativam
427 573 475 628 est
499 581 570 646 pro.
590 556 904 654 συγχωρησᾰτιιααν.
952 538 1024 625 ΙΒειὶ
1049 569 1116 624 tum

203 663 234 728 in
261 667 518 754 ancededentibus
546 687 617 748 pro.
641 661 828 748 ἐπαύσαντο
858 665 1026 750 legendum
1040 662 1118 727 ‘erit

202 763 468 836 παυσάσθωσαν.
512 767 585 849 (Ο.)

139 908 175 990 2)
204 909 267 976 ini
288 907 562 1000 περιεστῶσιν
583 902 806 996 ἀνθρώπω
827 907 991 992 δίκαιοι
1007 906 1119 993 riss-

205 1015 312 1106 asfias
333 1011 657 1097 πεπιστευμένοι
680 1005 1121 1098 ὅμοι’ωςίδιώταιςκαὶ

205 1113 489 1200 νομοθέταις]
513 1113 565 1177 Sic
586 1115 636 1178 ed.
652 1113 761 1178 Lond.
785 1115 824 1176 ad
845 1135 938 1196 quam
959 1113 1120 1178 emendavi

128 1253 132 1259 ‹
194 1217 382 1280 mersionem
406 1215 525 1281 Grotii.
583 1216 647 1280 Sed
675 1215 765 1280 locus
795 1214 919 1280 ridetur
951 1218 1120 1281 admodum
1213 1211 1215 1214 ’

97 1322 126 1349 “’
207 1321 361 1385 obscurus
384 1332 415 1383 et
437 1319 516 1383 male
538 1319 710 1386 cohaerens
743 1339 815 1382 cum
845 1319 1127 1400 praecedentibus„
1180 1373 1182 1377 ,

205 1424 340 1487 Aldinae
360 1424 470 1509 legunt
491 1425 542 1490 ἐπὶ
563 1421 774 1512 περιεστῶσιν
794 1415 976 1511 ἄνθρωπος
996 1421 1126 1500 δίκαιος

207 1531 477 1614 πεπιστευμένος,
510 1549 573 1611 qua
594 1547 673 1590 vero
696 1524 831 1588 lectione
852 1524 928 1590 nihil
949 1525 1121 1589 lucramur.

124 1633 127 1638 ’
206 1631 277 1694 Nec
297 1630 461 1693 versiones
482 1629 691 1712 interpretum
711 1627 856 1712 intelligo
886 1628 962 1712 quid
982 1628 1043 1691 sibi
1065 1648 1122 1691 ve·

123 1721 180 1748 μ’
207 1718 276 1802 lint.
320 1732 493 1818 Bagolinus
515 1745 617 1797 totum
638 1734 743 1795 locum
765 1735 804 1794 ab
825 1729 915 1795 initio
946 1731 1055 1814 capitis
1080 1730 1125 1794 ita

122 1839 126 1844 ’
207 1835 329 1900 reddit:
346 1835 414 1900 Sed
425 1821 585 1899 omittant
594 1855 784 1896 sermonum
795 1832 1026 1910 ambitionem,
1042 1853 1126 1896 eon·

133 1925 136 1930 ¹
164 1933 167 1945 '
216 1937 405 2019 cedantque
427 1935 464 1998 id
490 1933 585 2018 quod
603 1937 648 2010 in¹
663 1933 757 1996 nobis
779 1917 933 1994 solutum
954 1952 1020 1996 esse
1042 1931 1128 1996 libe-

210 2053 357 2119 r'nmque
384 2034 582 2112 arbitrium,
627 2039 659 2096 et
688 2039 867 2094 auctorem
895 2032 930 2091 in
963 2029 1129 2112 eligendis

216 2137 449 2218 oppositisque
472 2124 612 2214 agendis
631 2133 665 2193 in
683 2132 732 2192 his
753 2150 841 2213 quae
859 2128 1050 2192 hominibus
1071 2148 1128 2192 oc·

217 2242 360 2298 currunt
383 2233 503 2297 merito
522 2231 647 2293 versari
667 2229 854 2306 creditum,
875 2237 947 2289 tam
964 2247 988 2291 a
1008 2227 1129 2310 uulga-

133 2403 136 2408 ,
213 2334 324 2411 ribus,
358 2351 465 2415 quam
491 2349 515 2391 a
539 2329 815 2410 legislatoribus,
848 2329 956 2414 legens
978 2327 1046 2392 sine
1069 2327 1129 2392 du·

209 2434 264 2496 bio
287 2427 482 2520 ἀνθρώποις
508 2469 524 2482 -
551 2469 568 2481 -
596 2468 611 2478 -
634 2420 899 2516 πεπιστευμένον,
937 2431 993 2496 sed
1013 2430 1129 2494 nullam

212 2553 346 2619 prorsus
374 2531 529 2596 rationem
556 2529 676 2590 habens
706 2533 880 2595 verborum
902 2529 1129 2618 δίκαιοιμίντ-

212 2641 314 2706 σθαι.
358 2634 490 2699 Grotius
511 2631 678 2696 lectionem
693 2633 839 2699 Aldinam
861 2656 996 2718 sequens
1012 2635 1128 2698 vertit:
1228 2707 1232 2714 ¹

215 2741 334 2822 positis
349 2739 465 2803 iisdem
480 2736 744 2799 circumstantiis
765 2736 893 2820 aliquis
912 2739 975 2822 qui
996 2737 1131 2820 quidem
1176 2755 1178 2762 ’

217 2839 325 2903 credit
347 2857 381 2900 se
399 2839 484 2899 iuste
505 2835 586 2916 agi,
608 2843 680 2896 tam
694 2855 718 2896 a
730 2837 891 2914 privatis,
914 2857 1019 2919 quam
1039 2857 1063 2899 a
1087 2837 1132 2902 Ie=

217 2958 304 3021 gum
327 2933 512 2998 latoribus:
553 2953 633 3016 quae
656 2932 732 3015 quid
754 2933 813 2998 sibi
835 2935 932 2996 velint
953 2937 1045 3017 plane
1067 2957 1132 3000 non

214 3035 370 3120 intelligo.
422 3034 538 3098 Editor
566 3034 779 3098 Londinensis
817 3040 1014 3122 quicunque
1047 3045 1080 3101 et
1101 3045 1135 3098 'a

218 3140 361 3218 privatis
388 3146 421 3218 et
446 3157 470 3199 a
491 3137 609 3217 legum
646 3137 813 3199 latoribus
849 3136 971 3199 crediti
998 3134 1136 3214 fuerint

219 3255 265 3298 ex
286 3236 550 3296 circumstantiis
570 3238 622 3300 rei
639 3245 757 3318 gestae
779 3233 965 3309 iustifieri.
1008 3231 1135 3294 Schult-

112 3321 114 3330 ’
217 3331 339 3397 hessius
365 3336 505 3395 tandem:
543 3356 634 3398 menn
664 3336 762 3398 ihnen
787 3333 961 3396 durchaus
996 3332 1066 3395 und
1089 3335 1138 3397 im

129 3449 133 3454 '
206 3432 428 3516 ‚Privatleben
441 3435 609 3517 geglaubt
623 3432 749 3509 witrde,
770 3430 822 3494 die
837 3430 1020 3496 Menschen
1038 3451 1139 3513 seyen

185 3572 187 3578 ·
223 3536 257 3598 in
278 3535 371 3598 allen
390 3535 482 3602 ihren
496 3533 732 3612 Handlungen
753 3528 861 3592 durch
883 3528 937 3593 dte
957 3529 1138 3595 Umstt'tnde

224 3633 333 3715 udilig
355 3631 623 3715 gerechtfertigt.
667 3631 730 3692 Sed
760 3651 826 3692 non
857 3627 951 3694 video
975 3631 1139 3712 quomodo

117 3765 133 3792 ι
193 3807 196 3816 ,
221 3733 300 3796 haec
322 3733 510 3794 cohaereant
532 3751 602 3792 cum
624 3732 896 3812 praecedentibus.
943 3730 1026 3794 Mihi
1049 3731 1139 3796 vide·

130 3863 136 3882 ν
161 3827 163 3832 ’
201 3831 204 3839 '
221 3848 275 3898 tur
295 3847 446 3915 punctum
459 3833 639 3916 ponendum
654 3844 728 3914 post
743 3829 908 3921 πράξεως,
931 3845 963 3898 et
976 3833 1139 3918 sapientia

221 3938 264 4006 ita
285 3937 433 4025 legenda.
468 3929 542 4004 Ἐπὶ
563 3930 626 4026 γὰρ
648 3928 868 4050 annotetur
889 3931 1068 4025 ἄνθρωποι
1090 3937 1140 4004 δι’·
