2774 4756
294 581 296 588 ,
349 567 460 612 verum
472 559 519 613 est
533 548 856 635 significct'praees'se
866 554 1064 654 morbpram
1073 563 1266 634 curationi.

348 651 396 715 At
421 653 525 716 malim
552 653 695 736 equidem
725 648 962 742 πάρίοτασθαι
983 657 1006 720 i.
1030 677 1060 720 e.
1085 677 1121 722 se
1142 665 1269 740 sistere,

348 763 485 840 praesto
509 778 577 822 esse
598 756 669 818 scil.
692 755 936 834 somniantibus,
968 772 1003 823 ut
1022 761 1209 843 respiciatur
1231 765 1272 825 ao

349 859 478 922 oracula
512 880 572 940 per
607 857 838 922 incubationem
882 861 922 922 ab
959 862 1152 946 Aesculapio
1174 927 1177 934 ,
1199 867 1270 929 data

348 960 452 1042 qualia
475 981 516 1024 ex
540 961 672 1028 Gruteri
697 982 838 1044 conpore
867 962 1113 1051 inscriptionum
1139 967 1271 1052 collegit

348 1063 390 1126 s.
405 1062 451 1127 A.
468 1063 574 1128 uon.
597 1065 644 1127 v.
668 1063 704 1129 s.
726 1065 758 1128 u
780 1065 804 1128 1.
827 1076 853 1128 t.
877 1069 1070 1134 ωηηωωω
1094 1051 1273 1151 soliman

353 1166 425 1232 und
441 1164 614 1247 Aufstttze.
635 1181 713 1252 pag.
737 1168 813 1230 424.
837 1189 929 1252 seqq.
967 1167 1040 1249 (Ο.)

287 1270 320 1349 7)
348 1268 594 1338 ἐπιδίδωσιν
616 1263 765 1349 ἁντὸν]
795 1270 930 1345 Aldinae
952 1271 1138 1346 ἐτιδὶὀωσιν
1159 1267 1271 1343 ἆντόν.

646 1489 733 1531 GM·
767 1491 891 1534 mm.

174 1636 177 1644 ’
287 1636 320 1715 1)
349 1635 403 1726 τῷ
422 1630 475 1722 μὴ
498 1633 598 1716 ντᾶν]
629 1637 679 1701 Ita
695 1637 804 1702 Havn.
827 1649 860 1700 et
875 1635 981 1703 Cascl.
1005 1633 1044 1703 τὸ
1065 1633 1111 1724 μὴ
1131 1637 1199 1706 ττᾶν
1213 1641 1273 1704 ΑΙ-

351 1739 441 1800 dinae
464 1750 495 1800 et
517 1741 627 1803 Lond.
651 1740 724 1820 (0.)
757 1741 821 1804 Sed
842 1763 883 1805 ex
903 1740 991 1804 tricis
1013 1740 1079 1804 istis
1102 1741 1195 1804 aliter
1217 1765 1271 1806 ex-

347 1841 467 1926 plicare
489 1862 538 1904 me
560 1862 708 1925 nequeo,
739 1844 799 1908 nisi
820 1855 891 1908 toto
914 1845 988 1909 loco
1011 1843 1054 1907 ita
1076 1845 1270 1911 constituto:

353 1941 402 2012 Τὸ
431 1947 466 2012 δὲ
496 1947 599 2029 λέγειν
628 1941 689 2034 οὐχ
716 1935 878 2032 ἡγεῖσθἀι
906 1943 984 2025 τοὺς
1011 1941 1214 2036 ἡγουμένους
1242 1950 1274 2016 ἐν

347 2049 395 2140 τῷ
418 2042 588 2128 σώζεσθαι
610 2043 670 2130 τὴν
691 2043 773 2116 καθ’
798 2044 902 2140 ὁρμὴν
922 2051 987 2118 τῶν
1001 2045 1089 2132 ζώων
1103 2053 1273 2141 ἐνέργειαν,

349 2147 413 2234 ἤδη
428 2145 600 2232 σώζεσθαι
616 2155 672 2218 καὶ
689 2147 728 2218 τὸ
747 2146 796 2245 ἐφ’
812 2147 906 2240 ἡμῖν,
928 2149 968 2220 τὸ
989 2148 1035 2240 μὴ
1049 2153 1116 2220 ττᾶν
1136 2149 1176 2220 τὸ
1191 2149 1271 2220 καθ’

350 2251 457 2347 ὁρμὴν
470 2249 641 2340 γινόμενον
656 2255 706 2322 ἐπὶ
724 2259 794 2334 τοῖς
813 2250 959 2347 ὁρμῶσιν
969 2257 1051 2323 ἐῐναι
1064 2255 1088 2320 ἰ.
1105 2277 1134 2319 e.
1174 2257 1277 2338 (tuot

249 2385 253 2396 ·
346 2369 463 2422 autem
484 2356 603 2420 dicunt
622 2357 827 2427 adversarii,
861 2379 922 2422 nos
951 2380 1057 2442 quum
1078 2377 1275 2423 censeamus

244 2463 246 2468 ’
346 2480 389 2522 eo
418 2459 492 2538 ipso
521 2455 617 2539 quod
639 2467 788 2524 servetur
807 2457 1015 2522 animalium
1035 2459 1130 2521 actio
1152 2479 1198 2524 ex
1218 2477 1276 2536 ap-

244 2582 246 2599 r
346 2558 454 2639 petitu
468 2555 644 2638 profecta,
665 2559 793 2620 servari
806 2579 944 2641 quoque
954 2567 987 2622 et
1002 2556 1116 2621 adseri
1132 2555 1276 2620 liberum

348 2655 551 2737 arbitrium,
582 2675 650 2718 nort
671 2667 823 2736 censere,
851 2678 920 2720 non
940 2656 977 2718 id
995 2677 1094 2720 omne
1114 2655 1212 2740 quod
1229 2675 1271 2717 ex

348 2757 504 2836 appetitu
514 2753 587 2829 fiat
601 2755 637 2815 in
646 2758 878 2836 appetentium
896 2774 968 2820 esse
983 2765 1169 2836 potestate,
1190 2753 1276 2832 (sive

351 2856 439 2938 quod
466 2853 688 2938 negationibus
716 2855 851 2919 invicem
878 2876 913 2918 se
941 2855 1126 2918 tollentibus
1148 2855 1273 2922 omissis

353 2960 393 3020 ad
406 2956 488 3020 idem
502 2955 629 3036 cecidit)
652 2959 748 3044 quod
767 2958 974 3022 contendunt
993 2977 1055 3020 nos
1074 2977 1120 3022 ex
1140 2959 1279 3022 ratione

268 3079 271 3092 ·
348 3070 465 3124 nostra
486 3058 628 3122 absurde
648 3079 787 3140 prorsus
810 3077 941 3124 censere
969 3053 1008 3122 τὸ
1037 3057 1103 3124 ,τᾶν
1130 3053 1170 3124 τὸ
1191 3062 1269 3124 καθ

353 3156 459 3250 ὁρμὴν
479 3154 648 3244 γινόμενον
669 3159 721 3224 ἐπὶ
741 3161 812 3234 τοῖς
834 3153 979 3246 ὁρμῶσιν
1007 3159 1111 3246 iiam,
1148 3162 1283 3244 quique

351 3273 390 3326 ut
410 3261 608 3326 senteutiam
624 3271 710 3324 ⁴tam
736 3259 924 3325 ridiculam
944 3259 1042 3326 nobis
1060 3261 1280 3342 exprimant,

349 3371 542 3445 sequentem
571 3362 751 3426 instituunt
782 3362 1135 3440 argumentationem,
1161 3357 1284 3422 'uocate-

350 3464 386 3523 in
402 3461 453 3522 lzie
468 3460 623 3523 omnibus
643 3456 761 3540 ignari
781 3467 982 3539 comparem
1002 3447 1131 3539 eorum,
1154 3467 1284 3524 eontra

351 3580 440 3642 quoe
461 3557 661 3640 disputanti
702 3557 818 3638 (cnsp.
837 3557 958 3636 tirell.)

292 3690 326 3769 2)
355 3687 514 3777 ἐρωτᾷν
545 3685 586 3750 ἐν
615 3679 668 3770 μὴ
705 3679 913 3774 ἐνέργημὰ
944 3707 984 3750 τι
1017 3678 1066 3749 τὸ
1092 3677 1149 3776 ἐφ’
1179 3676 1285 3768 ἡμῖν

353 3793 504 3878 iocor„
527 3791 597 3853 καὶ
632 3781 847 3872 λαβόντας
882 3789 947 3853 ἐντὶ
978 3781 1115 3886 τούτω
1147 3779 1280 3852 πάλιν

356 3887 537 3983 ἐρωτᾷν,
587 3889 622 3954 ἐι
656 3886 708 3976 μὴ
748 3888 826 3957 τῶν
861 3884 1156 3976 ἐνεργημάτων
1191 3885 1284 3966 etc}

357 3993 532 4080 Egregiam
554 3994 634 4058 hanc
655 3994 821 4064 lectionem
837 3994 1132 4082 et'sepplementum
1147 3992 1285 4058 laciniae
1368 4037 1372 4046 .
