2804 4762
1100 468 1137 532 bl

132 627 173 694 ex
191 630 423 714 approbatione
439 637 546 698 secuta
555 631 711 701 rationem
725 635 819 716 atqua
833 634 992 700 iudicium.
1018 621 1139 718 Sponte

132 733 215 798 enim
246 746 418 817 operantur
447 747 477 822 et
509 746 633 804 caetera
662 737 828 804 animantia
855 760 937 821 quae
967 751 1140 821 operantur

130 842 305 904 aemndum
328 840 501 906 motionem
524 840 681 923 appetitus
711 852 743 906 et
770 841 1033 924 approbationem
1059 863 1140 926 quae

130 955 179 1008 est
195 943 228 1006 in
246 943 337 1026 ipsis.
383 943 489 1024 Quare
505 943 654 1028 quicquid
667 944 767 1010 libere
782 945 836 1022 fit,
859 946 942 1012 idem
958 957 990 1010 et
1003 958 1139 1028 sponte:

131 1057 163 1110 at
187 1068 253 1110 non
274 1058 388 1112 eontra
409 1035 559 1130 quioquid
580 1059 694 1128 sponte
715 1047 773 1132 iit,
797 1047 829 1112 id
850 1049 985 1112 liberum
1007 1060 1054 1112 est
1080 1069 1140 1114 no·

127 1161 278 1234 atraeque
294 1149 474 1232 potestatis.
518 1152 600 1214 Nam
619 1162 733 1232 sponte
757 1153 844 1234 quod
864 1151 1001 1218 efficiunt
1018 1163 1049 1215 et
1069 1173 1139 1218 eae·

131 1265 201 1318 tera
224 1251 412 1330 animantia,
443 1252 500 1318 ubi
521 1264 695 1336 operantur
717 1274 754 1317 ea
770 1253 911 1318 motione
933 1255 1089 1336 appetitus
1109 1265 1141 1321 et

130 1355 386 1440 approbatione,
403 1356 494 1440 quae
514 1367 564 1420 ast
579 1356 662 1420 iutra
677 1355 770 1439 ipset
804 1367 836 1423 at
852 1356 885 1422 in
904 1378 962 1420 sua
983 1367 1142 1438 potestate

131 1451 251 1522 baber'e
277 1481 358 1542 quaa
377 1459 491 1537 faeiat,
515 1458 548 1524 id
569 1481 649 1526 vero
671 1458 807 1524 hominis
832 1459 1013 1544 proprium.
1058 1461 1141 1526 Nam

131 1585 171 1628 eo
186 1563 260 1646 ipso
278 1574 327 1626 est
341 1561 474 1628 rationis
488 1562 667 1646 particeps,
692 1565 779 1646 quod
797 1564 830 1628 in
852 1585 886 1628 se
907 1565 1023 1644 haheat
1036 1563 1141 1630 ‘ratio-

132 1688 204 1737 nem
216 1666 361 1732 visorum
376 1687 457 1752 quae
472 1665 533 1748 ipsi
545 1666 703 1743 accidunt,
729 1659 935 1754 omniumque
946 1669 1151 1751 agendorum.

133 1781 164 1832 et
185 1791 252 1836 uon
275 1770 472 1854 agendorum
488 1768 621 1838 iudicem
647 1781 679 1832 at
693 1770 913 1851 repertricem.
959 1771 1066 1852 Quare
1082 1771 1141 1836 alia

132 1872 260 1959 quidem
282 1871 466 1949 animantia,
501 1893 581 1959 quae
604 1871 777 1938 visionibus
801 1872 878 1938 solis
899 1885 1030 1958 parent,
1068 1874 1141 1939 inde

133 1977 253 2040 habant
274 1995 383 2042 causas
401 1987 467 2040 tnrn
490 1975 750 2060 approbationis,
774 1987 842 2040 tram
864 1977 1022 2064 appetitus
1044 1999 1080 2044 se
1103 1981 1143 2045 a‘d

134 2077 355 2162 operationem
377 2077 548 2144 moventis.
582 2080 704 2144 ‘Homo
727 2099 807 2142 vero
830 2079 1062 2146 adventantium
1079 2080 1141 2163 ipsi

136 2183 334 2250 extrinsecus
384 2182 543 2268 visionum
587 2184 626 2244 de
664 2182 761 2244 rebus
806 2181 935 2265 agendis
987 2183 1141 2266 rationem
1226 2209 1229 2216 ·

134 2285 231 2350 habet
256 2284 527 2368 disceptatricem
564 2295 739 2373 qua'uteus
766 2283 833 2352 uisa
859 2285 1050 2370 singula-ad
1066 2307 1141 2352 exa-

82 2397 86 2404 ‘
133 2387 204 2452 men
231 2400 349 2466 vocat,
389 2409 454 2453 non
476 2391 638 2478 modolau
663 2389 757 2450 talem
778 2388 917 2471 speciem
939 2387 1138 2470 praeierant,

133 2493 259 2575 attalem
276 2493 481 2574 praeferunt,
517 2513 628 2558 venum
654 2491 746 2554 etiam
768 2511 817 2564 au¹
830 2491 892 2556 sint
912 2492 998 2559 talia.
1045 2493 1141 2574 Quod

132 2595 254 2666 simun
284 2595 410 2661 ratione
443 2595 646 2678 disquirendo
675 2593 814 2663 inveniat
842 2594 927 2661 aliud
950 2594 981 2657 in
1012 2597 1138 2678 specie,

133 2699 219 2768 aliud
234 2698 268 2764 in
285 2719 326 2762 re
345 2719 436 2775 asse,
474 2719 540 2762 nou
560 2699 633 2762 ideo
654 2697 724 2762 viso
747 2697 846 2774 cedit,
880 2697 955 2781 qnia
980 2699 1051 2763 talis
1073 2698 1142 2776 ains

133 2803 255 2886 species
275 2821 312 2866 ae
333 2802 465 2878 obtulit,
489 2804 545 2865 aed
563 2800 636 2884 pria
658 2821 771 2866 revera
785 2801 847 2864 tale
861 2823 926 2870 non
941 2813 1011 2879 ost,
1035 2802 1066 2866 ri
1080 2805 1141 2876 ob·

134 2905 233 2974 sistite
263 2904 319 2971 stc
331 2905 431 2990 igitur
447 2906 485 2968 ab
501 2904 538 2970 iis
554 2925 634 2987 quae
647 2904 756 2968 suavia
771 2903 917 2972 videntur
932 2925 1027 2987 saepe
1043 2906 1140 2970 absti-

131 3021 198 3086 net,
221 2994 400 3094 perquam
416 3027 526 3072 eorum
546 3007 701 3090 desiderio
717 3007 878 3083 trahatur,
902 3009 974 3092 quia
995 3010 1140 3076 nimirum
1190 3006 1192 3034 l

133 3114 291 3180 rationem
300 3133 365 3178 noa
378 3113 475 3177 habet
489 3111 518 3176 ei
532 3131 624 3194 mam
635 3112 781 3177 hurserat
794 3109 922 3195 imagini
935 3126 1141 3182 consentane-

135 3238 198 3288 am.
221 3215 276 3280 Sic
290 3227 322 3284 at
336 3218 488 3298 quaedam
501 3235 581 3298 quae
593 3213 739 3280 videntur
749 3213 847 3291 utilia,
864 3215 1010 3291 declinat,
1019 3215 1142 3280 ratione

59 3303 61 3311 ¹
132 3323 322 3390 decernente
332 3318 378 3382 ita
390 3318 579 3390 faciendum,
603 3315 700 3397 'Quot
712 3316 738 3380 si
753 3317 887 3382 liberum
901 3318 949 3383 ius
965 3319 1078 3403 agendi
1093 3330 1141 3380 est

132 3423 166 3490 in
188 3421 489 3506 approbationem,
515 3421 732 3503 quaeratione
749 3423 991 3506 gubennaturet
1014 3422 1141 3490 conssu-

104 3521 111 3546 '
132 3528 231 3592 tando
251 3523 444 3608 explicatur,
470 3522 515 3586 illi
537 3544 616 3588 vero
637 3525 714 3589 illud
728 3524 831 3605 ipsum
845 3536 968 3605 ponunt
981 3524 1012 3588 in
1029 3545 1065 3588 ea
1084 3546 1141 3606 ap·

84 3639 86 3644 ’
130 3630 250 3712 petitus
280 3628 420 3694 motione
446 3639 539 3709 atque
565 3626 817 3707 approbatione,
853 3649 933 3710 quae
961 3627 1052 3690 etiam
1076 3627 1141 3692 sine

130 3733 256 3798 ratione
278 3729 332 3808 fit,
364 3752 404 3794 eo
424 3729 497 3813 ipso
517 3731 682 3795 ostendunt
699 3751 734 3792 se
754 3729 865 3810 supine
888 3733 1054 3794 admodum
1077 3732 1141 3795 dis·
1242 3725 1244 3732 χ

134 3856 248 3900 serere
263 3836 308 3906 ‚de
335 3853 374 3898 eo
397 3836 484 3916 quod
503 3833 535 3896 in
559 3842 669 3901 nostra
695 3842 936 3931 estpotestate.
981 3835 1063 3896 Nam
1084 3856 1143 3898 nec

135 3938 211 4021 quid
231 3937 264 4004 id
274 3937 333 4012 sit,
357 3957 416 4001 nee
432 3937 541 4019 inquo
555 3933 702 4010 exsistat,
728 3935 897 4016 explicant.
943 3937 1082 4026 Ratione
1096 3938 1141 3999 uti

37 4125 44 4144 ι
137 4041 216 4108 nihil
236 4051 284 4104 est
303 4039 397 4114 aliud,
421 4059 514 4126 quam
532 4034 720 4122 principium
736 4057 804 4103 esso
826 4059 953 4104 serarum
972 4039 1140 4118 actionum,
