2758 4760
225 529 263 610 Te
284 575 402 628 namque
418 563 557 626 perimet,
582 562 608 606 si
629 576 684 626 qua
703 563 760 610 erit
777 560 874 626 proles
894 557 947 609 tt'lu'
958 593 966 625 ,

220 663 325 738 Atque·
337 657 403 712 inde
423 668 489 711 tota
507 665 648 726 sanguine
668 657 792 712 undabit
812 662 917 714 domus.

110 763 322 844 Respondent
346 760 410 836 illi,
446 773 480 823 ut
502 759 533 823 iu
558 761 702 841 ipsorum
729 761 879 842 operibus
905 761 1039 846 legitur,
1073 761 1117 825 ita

108 864 295 948 Apollinem
314 864 477 926 orandum
496 862 652 939 edidisse,
688 863 778 945 quasi
801 865 938 928 nesciret
964 885 1033 927 eum
1052 884 1118 928 non

106 966 301 1050 pariturum,
342 964 415 1026 oum
443 976 546 1027 tamen
572 964 706 1026 maxime
735 966 767 1028 id
809 966 916 1031 sciret.
983 968 1117 1030 Factum

108 1082 212 1132 autem
241 1069 290 1144 id,
331 1067 404 1150 quia
433 1067 465 1130 ni
493 1067 538 1130 ita
552 1069 672 1128 *datum
706 1080 789 1130 esset
822 1071 1002 1146 oraculum,
1040 1069 1119 1134 nihil
1209 1061 1214 1070 ’

107 1183 297 1256 eventurum
325 1171 438 1233 fuisset
470 1169 597 1234 illorum
624 1170 851 1236 admirabilium
880 1193 1026 1248 casuum,
1063 1173 1118 1256 qui

7 1287 9 1296 '
106 1273 191 1338 Laio
211 1285 243 1337 et
259 1272 387 1354 Oedipo
408 1291 555 1336 evenere.
601 1273 715 1355 Neque
733 1273 815 1336 enim
838 1275 1039 1355 exposuisset
1061 1299 1116 1339 ua·

106 1391 173 1441 tum
202 1377 264 1441 sibi
282 1377 382 1460 lilium
398 1375 521 1451 Laius,
557 1375 637 1438 sieut
662 1376 830 1458 exposuit,
869 1397 972 1459 neque
993 1377 1118 1440 liliosa

104 1482 247 1546 bubulco
271 1482 439 1554 educatus,
480 1481 632 1562 datusque
658 1479 690 1540 in
716 1479 918 1560 adoptionem
945 1477 1116 1544 Corinthio
1206 1487 1217 1504 ‘

103 1585 253 1665 Polybo,
279 1585 318 1645 ad
332 1582 455 1647 virilem
467 1593 641 1664 provectus
658 1593 791 1644 aetatem
809 1593 841 1644 et
864 1581 991 1646 obviam
1012 1582 1116 1648 faetus

102 1688 186 1751 Laio
216 1685 385 1748 occidisset
414 1685 543 1769 ignarus
573 1683 732 1767 ignarum.
777 1687 890 1768 Neque
917 1685 997 1749 enim
1020 1685 1116 1770 igno-

103 1802 204 1853 rasset
220 1796 367 1870 parentes
387 1809 486 1864 suos,
512 1788 539 1850 si
561 1787 646 1850 domi
668 1790 751 1870 apud
770 1809 825 1852 eos
844 1791 992 1852 educatus
1019 1802 1114 1866 esset,

103 1891 144 1955 ita
172 1905 207 1954 ut
232 1893 365 1954 alterum
389 1890 574 1968 occideret,
610 1890 741 1954 alteram
771 1891 833 1954 sibi
856 1885 978 1956 laceret
1005 1892 1116 1956 eoniu-

104 2007 190 2081 g'em.
257 1997 302 2058 Ut
332 1994 431 2078 igitur
461 1995 540 2055 haee
571 1994 675 2057 omnia
716 2006 835 2056 starent
868 2017 905 2057 ao
931 1995 1116 2077 impleretur
1224 2017 1227 2024 ’

102 2101 186 2164 Fato
206 2103 291 2159 uena
310 2097 452 2172 Fabula,
477 2097 567 2158 Deus
588 2117 646 2177 per
666 2097 830 2159 oraculum
844 2099 926 2181 bane
945 2099 1116 2182 cogitatio·
1170 2165 1178 2177 ,

105 2225 178 2266 nem
199 2199 306 2264 iniecit
327 2199 433 2276 Laio,
458 2219 554 2280 posse
577 2199 711 2280 abipso
735 2199 841 2262 caveri
865 2199 1046 2281 praedicta,
1072 2203 1116 2264 ¹et

103 2327 176 2368 eum
201 2297 373 2366 inebriatus
402 2302 527 2384 prolem
560 2299 710 2378 sevisset,
756 2301 906 2384 exposuit
930 2301 983 2365 ille
1008 2315 1116 2366 neuim

104 2409 166 2471 sibi
184 2407 285 2469 filium
314 2417 462 2488 tauquam
484 2404 581 2467 vitam
607 2405 635 2466 ei
661 2407 855 2468 ademturus.
900 2405 990 2486 Quae
1013 2426 1114 2488 expo·

103 2511 180 2575 sitio
201 2531 295 2572 causa
317 2510 378 2572 fuit
400 2513 530 2583 eorum,
556 2527 637 2590 qttae
655 2530 727 2570 cum
745 2507 952 2572 detestatione
969 2509 1001 2571 in
1022 2491 1117 2598 scena

104 2613 261 2678 audimus.
306 2611 431 2694 Atqui
456 2610 530 2673 dicit
549 2610 640 2687 talia,
681 2613 844 2694 quomodo
868 2623 921 2673 aut
946 2611 1116 2690 divinatio·

101 2739 174 2780 nem
205 2714 365 2791 defendit,
405 2725 459 2776 aut
485 2712 612 2779 notitias
640 2713 799 2790 servabit,
837 2716 920 2778 unde
951 2714 1052 2806 pietas
1081 2714 1115 2776 in

103 2819 210 2884 Deum
244 2818 406 2894 nascitur,
452 2827 505 2880 aut
535 2815 702 2878 utilitatem
731 2817 866 2899 aliquam
898 2817 929 2880 in
959 2807 1115 2908 vaticiniis

105 2920 288 2986 monstrat?
331 2923 415 2984 Nam
446 2917 629 2983 vaticinatio
662 2919 802 2982 creditur
837 2939 906 2982 esse
939 2921 1115 3002 praedictio

102 3025 310 3098 futurorum3
340 3023 386 3086 illi
408 3035 510 3086 autem
536 3021 721 3102 Apollinem
743 3021 862 3084 faeitmt
882 3022 1028 3103 opificem
1059 3043 1115 3090 eo·

104 3149 174 3192 rum
206 3148 287 3210 qutae
309 3125 475 3207 praedicit.
520 3124 618 3204 Quod
640 3123 720 3186 enim
741 3123 883 3188 futurum
908 3145 973 3188 non
995 3126 1112 3202 suerat,
1159 3175 1162 3178 -

102 3231 163 3294 nisi
189 3251 229 3294 eo
256 3232 353 3292 modo
376 3228 463 3290 Deus
495 3227 630 3290 dedisset
653 3227 833 3302 oraculum,
862 3239 903 3304 et
926 3228 1050 3310 quidem
1071 3231 1114 3296 ob

103 3334 267 3416 idipsum
291 3332 338 3396 sie
367 3329 524 3406 dedisset,
562 3343 614 3393 ut·
631 3351 711 3414 quae
743 3341 855 3411 postea
886 3343 993 3393 secuta
1022 3343 1113 3408 sunt,

102 3439 239 3513 fierent,
279 3436 442 3519 quomodo
467 3453 532 3495 non
559 3453 640 3515 opus
662 3443 740 3496 sunt
757 3432 857 3517 magis
881 3433 980 3496 dantis
1000 3455 1114 3500 oracu-

104 3541 169 3604 lum
193 3561 287 3623 quam
308 3539 491 3602 futtuorum
516 3534 813 3622 praesignificatio?
850 3535 947 3616 Quod
973 3537 1000 3600 si
1022 3537 1114 3602 etiam

104 3644 225 3728 aliquid
246 3643 318 3726 plus
342 3633 473 3704 caeteris
496 3637 621 3703 vatibus
644 3639 733 3702 Deos
755 3641 873 3702 habere
897 3651 1046 3721 oportet,
1069 3641 1115 3705 ita

104 3758 138 3809 ut
165 3758 198 3808 et
224 3744 456 3826 opitularentur
482 3744 521 3805 ad
550 3762 617 3803 rem
643 3741 800 3818 futuram,
835 3755 871 3806 ut
901 3763 938 3804 ea
963 3743 1009 3806 sie
1035 3765 1115 3824 pro·
1219 3739 1233 3752 “

104 3861 196 3913 reeta
210 3847 267 3910 fiat
290 3848 375 3927 (uam
393 3858 425 3909 et
439 3848 564 3910 Po'e'tae
586 3843 619 3906 id
641 3845 679 3907 de
701 3844 744 3906 eis
769 3857 926 3927 perpetuo
953 3847 1115 3910 celebrant

104 3971 173 4016 esse
198 3965 255 4014 eos
281 3951 440 4015 bonorum
469 3949 610 4027 datores)
643 3959 674 4009 at
700 3949 870 4012 secuudum
903 3971 940 4014 ea
966 3969 1046 4032 quae
1068 3948 1115 4014 illi
