2804 4762
211 335 293 397 ⁰56

253 499 291 570 ίίν
308 499 368 584 τὴν
393 499 512 596 φύσιν,
549 494 653 581 ἀίτως
680 499 782 570 οὐδ
767 508 817 568 επὶ
850 504 913 573 τῶν
941 492 995 593 ίίφ
1025 495 1116 586 ἡμῶν
1144 492 1255 564 ἄλλοτ’

238 603 360 684 ’ἄλλως
380 609 555 730 γινομένων
572 608 660 685 ¹⁰)
644 610 694 672 επὶ
715 605 908 730 περιεστῶσι
934 607 1003 681 τοῖς
1032 600 1163 682 ἄλλοις,
1200 595 1261 666 ἀι

252 713 311 790 λην
332 707 406 775 τινὰ
430 704 541 776 ἀιτίαν
567 704 786 830 ἀπαιτρτέον,
817 733 886 798 παρ
915 701 1018 774 ἀστὸν
1037 701 1097 772 τὸν
1124 699 1262 794 ἀνθρω-

252 835 323 877 πον.
371 813 478 878 Τοῦτο
494 808 563 940 γὰρ
589 797 692 893 ἦντὸ
721 807 947 902 ἀνθρωπον
931 814 1032 890 εῖναι,
1069 804 1107 873 τὸ
1140 803 1260 896 [γὰρ]

252 889 384 1004 ἀργὴι
388 915 413 994 ¹)
449 919 506 984 καὶ
534 911 649 981 ἀιτία
660 915 744 980 ἐῐναι
778 914 843 980 τῶν
876 907 915 980 ὃι
950 908 1053 979 ἀστοῦ
1085 911 1263 996 γινομένων

251 1012 406 1106 πράξεων,
430 1061 434 1068 -
465 1013 512 1084 Τὸ
541 1019 576 1083 δὲ
600 1019 710 1106 ίέγειν.
730 1022 786 1083 καὶ
807 1013 884 1095 τοὺς
908 1017 1190 1102 βουλευσαμένους
1216 1011 1279 1103 τῷ

251 1125 439 1212 φαινομένῳ
469 1121 807 1206 συγκατατίθεσθαι,
846 1125 902 1186 καὶ
927 1115 984 1185 ’ὁιά
1004 1118 1103 1188 τοῦτο
1124 1121 1181 1182 καὶ
1203 1110 1263 1195 τὴν

251 1222 441 1312 φαντασίαν
460 1218 580 1311 ὁμοίως
595 1228 665 1301 τοῖς
681 1220 799 1300 ἀλλοις.
811 1216 906 1303 ζώοις
918 1223 1084 1301 ἕπεσθαι,
1107 1213 1166 1285 οὐκ
1181 1212 1261 1299 ἀλιγ-

250 1328 331 1402 θές·
372 1322 410 1392 οὐ
436 1321 500 1417 γὰρ
528 1326 592 1392 πᾶν
619 1324 659 1393 τὸ
689 1319 890 1416 φαινόμενον
918 1322 1090 1417 φαντασία
1120 1319 1177 1399 ¹²).
1215 1315 1266 1386 {H

250 1425 396 1520 μὲνγὰρ
419 1429 590 1521 φαντασία
615 1423 703 1510 ἁπλῆ
730 1451 764 1494 τε
789 1432 858 1504 καὶ,
864 1432 964 1515 χωρὶς
982 1420 1086 1524 λόγον
1111 1418 1176 1491 ὑπὸ
1198 1425 1263 1492 τῶν

251 1531 376 1611 ἔξωθεν
400 1526 669 1622 προςπιπτόντων
690 1531 832 1617 γίνεται,
855 1531 980 1598 ἐοικυῖα
1005 1533 1080 1607 ταῖς
1101 1524 1263 1609 ἀισθητι·

252 1638 325 1711 κάἴς
354 1635 544 1723 ἐνεργείαις.
587 1630 640 1700 διὸ
675 1639 731 1700 καὶ
761 1631 820 1715 τὴν
851 1630 945 1721 ἰσχὺν
970 1635 1003 1700 ἐν
1028 1636 1098 1710 τοῖς
1126 1626 1263 1718 ἀλόγοις

251 1731 345 1816 ζώοις
366 1735 428 1824 ἕγει
456 1733 619 1825 μάλιστα·
654 1737 809 1822 φαίνεται
841 1739 878 1802 δέ
902 1740 1055 1804 τινακαὶ
1079 1730 1263 1822 ὸιὰλόγον

252 1845 359 1904 τεκαὶ
381 1841 698 1930 παρασυλλογιομοῧ
720 1839 766 1921 ἐὸ)
787 1836 847 1922 τὴν
869 1835 980 1906 ἀντίαν
1000 1840 1059 1906 τοῦ
1073 1838 1263 1930 φαίνεσθαι

252 1935 484 2029 λαμβάνοντα,
507 1936 530 2008 ἀ
552 1938 652 2010 οὐκέτ’
673 1939 715 2010 ἀν
733 1967 784 2022 τις
799 1941 988 2034 φαντασίας
1002 1944 1107 2026 Ιλέγοι.
1146 1934 1185 2007 ‘O
1198 1936 1263 2032 γὰρ

252 2042 309 2111 ὃιά
334 2041 393 2112 τὸν
419 2040 590 2131 γινόμενον
615 2041 691 2136 παρ’
720 2041 810 2137 ἀντῷ
839 2035 882 2126 ¹4)
911 2045 1010 2135 ἐντῷ
1034 2037 1264 2129 βουλεύεσθαι

253 2145 474 2235 συλλογισμὸν
485 2199 495 2231 ,
539 2143 833 2238 σογναταθὲμενός
861 2171 926 2214 τινι
945 2143 1057 2224 ἀετὸς
1084 2140 1174 2238 ἀντῷ
1206 2146 1265 2226 τῆς

253 2251 533 2338 συγκαταθέσεως
554 2247 669 2334 ἀίτιος.
720 2321 722 2328 ,

588 2486 590 2494 .
766 2463 780 2494 ἱ

282 2607 286 2632 ί
665 2563 811 2631 ΙιΣοΤ

312 2655 438 2730 Am
419 2688 472 2731 οτι
493 2669 552 2751 μ
577 2661 650 2734 ὀύτε
676 2659 871 2747 σώζουσι
837 2690 877 2731 το
902 2661 951 2758 ἐφ
971 2661 1071 2786 ἧμιν
1065 2661 1106 2732 ol
1118 2665 1265 2779 λε’γοντες

252 2757 361 2832 πάντα
382 2763 503 2832 καθΗ
488 2773 684 2860 εἰμαρμένην
713 2770 913 2855 [γίνεσθαι]
947 2765 1006 2851 (οὐ
1033 2765 1098 2860 γὰρ
1130 2771 1202 2857 περὶ
1224 2759 1265 2830 ὁῦ

252 2869 453 2990 ζιγτοῦμεν’
437 2895 465 2936 ει
494 2866 632 2953 σώζεται
660 2897 724 2938 κατ
751 2868 905 2952 ἀντοίις,
943 2895 1042 2938 τοντο
1072 2867 1208 2952 σώζεται
1236 2872 1266 2952 ¹)

253 2965 331 3091 ὁίγι
351 2979 406 3040 καὶ
436 2969 546 3042 ἀιτίαν
567 2970 778 3042 ἀποδιδόναι.
794 2976 970 3066 πειρῶνται
1001 2975 1061 3041 τοῦ
1087 2977 1170 3062 μηδὲ
1206 2970 1266 3055 τὴν

209 3159 212 3166 y
253 3070 357 3164 ἀρχὴν
372 3073 551 3146 δυνατὸν
536 3101 619 3144 ειναι
638 3075 677 3144 τὸ
699 3079 853 3168 πρᾶγμα,
875 3074 951 3144 οὐδὲ
971 3073 1047 3158 ²)‘'
1025 3101 1065 3160 ην
1083 3071 1266 3146 ἀποδιδόα-

254 3199 306 3245 σιν
329 3173 442 3245 ἀιτίαν
467 3174 511 3246 ἐπ
539 3177 705 3272 ἀναιρέσει
730 3182 788 3262 τῆς
818 3176 973 3263 τοιαύτης
993 3182 1157 3287 ἐξουσίας,
1185 3177 1266 3262 ἀίει

253 3278 340 3363 θὴς,
360 3279 407 3371 μὴ
430 3277 550 3370 ἔχοωσά
575 3308 608 3349 τι
632 3280 828 3402 ἐείλργον)
812 3308 847 3348 εκ
870 3285 934 3350 τῶν
956 3280 1128 3374 ἐιρημενων
1148 3278 1266 3410 γνώριι

252 3408 325 3468 τιον.
370 3379 479 3452 Αλλά
499 3382 565 3470 μὴν
584 3390 653 3464 τοῖς
679 3381 853 3476 ἀναιροῦσι
878 3383 916 3452 τὸ
942 3388 1024 3455 ε’ῐναί
1040 3412 1074 3453 τι
1091 3382 1194 3464 ὁείτως
1213 3382 1265 3510 ἐφ’

244 3481 331 3574 εγμῖν
356 3489 468 3554 ἕπεται
495 3485 534 3554 τὸ
563 3511 692 3576 σογχειν
716 3513 751 3554 τε
776 3495 831 3555 καὶ
860 3485 1079 3579 ἀνατρέπειν,
1112 3482 1192 3557 ὅσον
1216 3483 1263 3556 ἐπ

253 3587 368 3668 (ἐντοῖς
396 3591 461 3657 τῶν
486 3585 677 3682 ἀνθρώπων
703 3592 788 3677 βίον.
840 3593 910 3658 Καὶ
941 3589 1006 3684 γὰρ
1038 3588 1175 3681 ἐχόντων
1205 3601 1266 3680 μὲν

255 3688 341 3760 ὁοίτω
359 3695 423 3761 τῶν
444 3688 649 3784 πραγμάτων
666 3689 711 3774 ὡς
732 3695 812 3783 ἔχει,
834 3690 909 3761 οὐδὲ
930 3690 995 3787 γὰρ
1013 3691 1121 3766 ἀντῶν
1132 3719 1213 3782 τινα
1234 3699 1265 3779 ³)

254 3802 366 3864 πεῖσαι
392 3792 533 3862 δυνατὸν
553 3791 599 3882 μὴ
620 3793 776 3888 πράττειν.
801 3791 825 3865 ἀ
845 3791 1049 3888 πράττουσιν
1080 3793 1123 3878 ὡς
1147 3799 1265 3888 ἔχοντα

255 3901 312 3966 τοῦ
333 3905 389 3967 καὶ
411 3893 572 3988 πράττειν-
592 3895 678 3967 ἀντά
701 3907 756 3970 καὶ
777 3899 823 3990 μὴ
845 3897 999 3992 πράττειν
1017 3900 1084 3990 ,τὴν
1104 3904 1264 3985 ἐξουσίαν,
