2758 4760
261 385 322 448 100

260 553 347 624 κατὰ
373 557 408 622 δὲ
436 552 479 621 τά
505 551 569 621 ὑπὸ
602 548 726 621 τούτων
754 550 935 641 λεγόμενα,
968 557 1014 634 εἰς
1031 549 1183 640 ἀγαθὸν
1208 559 1270 642 μὲν

261 655 357 728 οὐδὲν
384 653 403 725 ό
428 651 569 735 Πύθιος
603 659 649 749 τῷ
679 659 777 747 Λαΐῳ
807 663 958 748 συνεργεῖ
983 659 1042 739 ¹⁵),
1069 652 1272 743 Ιἀγωνίζεται

260 759 326 854 γὰρ
348 765 403 828 καὶ
422 754 531 827 πάντα
555 754 792 852 πράττειπρὸς
814 755 852 825 τὸ
874 763 975 846 μηδὲν
1000 761 1064 827 τῶν
1087 754 1272 826 ἀνοσιωτά

263 886 327 932 των
346 887 387 930 τε
419 868 475 928 καὶ
501 857 729 948 ἀσεβεστάτων
751 865 935 952 παρελθεῖν
959 859 1018 930 τὸν
1040 857 1131 930 ὀῖκον
1155 859 1271 944 ἀντοό,

261 957 306 1034 ὧν
326 961 473 1043 ἀκούσας
499 964 550 1042 τίς
577 960 635 1032 οὐκ
663 961 705 1031 ἀν
718 966 971 1056 νέυσεβεστέραν,
985 965 1069 1031 ε’ίποι
1095 961 1154 1046 τὴν
1179 969 1273 1050 λεγο-

261 1072 360 1156 μένην
378 1063 444 1136 ὑπὸ
458 1069 522 1135 τάν
542 1073 615 1158 περὶ
630 1062 824 1158 Ἐπίκουρον
845 1063 1070 1160 ἀπρονοησίαν
1083 1068 1143 1150 τῆς
1159 1063 1272 1135 τοιαό-

261 1189 320 1253 της
340 1171 518 1262 προνοίας,
546 1171 627 1248 Πῶς
652 1173 687 1237 δὲ
709 1167 841 1262 συνῳδὰ
864 1166 1021 1252 ἀλληλοις
1046 1168 1085 1237 τὸ
1108 1167 1193 1258 ὁμοῦ
1210 1178 1272 1259 μὲν

261 1271 348 1342 θεὸν
369 1277 473 1360 λέγειν
493 1269 553 1354 τὴν
573 1274 770 1364 ἑιμαρμένην
790 1278 846 1340 καὶ
870 1275 1027 1364 χρῆσθαι
1048 1277 1118 1351 τοῖς
1141 1269 1215 1340 ὀῦσί
1233 1298 1271 1338 τε

262 1383 319 1444 καί
337 1380 521 1466 γινομένοις
545 1377 579 1442 ἐν
611 1377 657 1466 τῷ
688 1370 800 1466 κόσμῳ
836 1378 886 1442 ἐπὶ
922 1376 1070 1468 σωτηρία
1102 1371 1206 1443 ἀστοῦ
1237 1401 1272 1443 τε

260 1482 321 1549 τοῦ
348 1475 491 1566 κόσμου,
526 1483 582 1545 καὶ
608 1479 665 1562 τῆς
687 1478 751 1543 τῶν
778 1479 811 1544 ἓν
838 1473 928 1570 ἀντῷ
953 1474 1093 1560 τάξεως,
1126 1474 1215 1566 ’ὁμοῦ
1237 1482 1273 1546 δὲ

258 1584 401 1650 τοιαῦτα
428 1586 501 1670 περὶ
529 1576 632 1662 ἀυτῆς
653 1583 773 1666 λέγειν,
809 1575 853 1658 ὡς
883 1577 1158 1672 παραλαμβάνειν
1190 1578 1274 1673 πρὸς

257 1682 322 1764 τάς
344 1679 477 1775 πράξεις
497 1679 558 1761 τὰς
583 1668 811 1761 ἀνοσιωτάτας
836 1678 899 1766 ¹⁶),
936 1680 992 1751 διὰ
1014 1682 1074 1766 τὴν
1094 1690 1167 1777 περὶ
1187 1680 1274 1752 ἀντά

260 1783 425 1868 σπουδὴν,
453 1781 594 1852 καὶτὸν
617 1781 759 1852 Πύθιον
784 1781 964 1878 σόνεργονς
995 1781 1069 1854 Ἐπὶ
1093 1789 1188 1855 τίνων
1209 1784 1273 1878 γὰρ

261 1890 409 1980 σωτηρίᾳ
437 1889 549 1980 ἐροῦσι
572 1889 730 1978 χρῆσθαι
752 1885 811 1970 τὴν
839 1891 1036 1981 ἑιμαρμένην
1060 1887 1188 1982 πατρὸς
1210 1886 1275 1957 ὑπό

261 1989 381 2070 παιδὸς
409 1985 576 2080 ἀναιρέσει
604 1991 667 2073 ²⁷),
698 1996 759 2058 καί
788 1986 885 2084 γάμῳ
916 1989 1042 2084 μητρὸς
1070 1998 1126 2060 καί
1153 1989 1276 2074 παιδός

261 2091 402 2188 ἀνοσίως
436 2099 493 2161 καί
513 2095 634 2182 γενέσει
658 2094 785 2162 παίδων
802 2089 936 2189 ἀδελφῷ
957 2101 1014 2162 καλ
1035 2098 1137 2189 πατρί
1160 2099 1222 2181 ¹⁸)3
1244 2095 1277 2165 τί

262 2198 321 2280 τῆς
342 2201 375 2264 ἕν
391 2190 504 2289 κόσμῳ
527 2191 718 2278 διοικήσεως
742 2198 778 2264 ἐκ·
802 2191 928 2266 τούτων
948 2197 1030 2287 ἔχειν
1055 2194 1191 2286 ε’όλογον
1215 2197 1276 2283 τὴν
1328 2211 1332 2218 ’

261 2300 426 2391 σωτηρίαν
437 2349 446 2380 ,
468 2295 512 2376 ὡς
528 2304 584 2365 καὶ
605 2295 662 2366 τὸν
678 2295 832 2366 Ἀπόλλω
852 2303 1043 2392 φοβεῖσθαι
1063 2297 1109 2390 μή
1134 2328 1166 2370 τι
1189 2328 1275 2394 παρ-

259 2403 346 2496 ελθῇ
366 2396 491 2469 τούτων
516 2396 704 2492 ἀπρακτον,·
745 2396 885 2490 πότερον
909 2399 1051 2490 ἐμπόδια
1078 2407 1121 2485 19)
1149 2403 1195 2492 μὴ
1222 2433 1274 2493 γι-

259 2499 382 2592 νόμενα
409 2503 448 2598 τῇ
475 2503 539 2571 τῶν
567 2498 758 2594 ἀνθρώπων
789 2502 876 2570 κατὰ
908 2501 1020 2586 πόλεις
1055 2531 1091 2578 τε
1126 2514 1183 2574 καὶ
1218 2534 1273 2576 vo-

260 2603 344 2696 μοίις
374 2605 425 2689 ²⁰)
458 2601 601 2688 όικήσει,
637 2608 659 2688 ἦ
689 2607 729 2700 τῇ
759 2607 824 2673 τῶν
849 2609 1016 2696 στοιχείων
1051 2610 1114 2677 τοῦ.
1142 2606 1273 2700 κόσμου

261 2709 425 2801 σωτηρίᾳ,
453 2704 531 2803 ἢτῇ
549 2709 612 2776 τῶν
637 2709 742 2775 θείειν
767 2705 912 2801 ἐυτάκτῳ
937 2737 972 2778 τε
993 2718 1050 2780 καὶ
1066 2709 1161 2805 ἀῐδίῳ
1182 2739 1275 2806 περι-

264 2813 379 2906 φορᾷ,
410 2807 432 2893 ἢ
456 2811 519 2878 τίνι
546 2813 610 2878 τῶν
637 2803 671 2892 ἐξ
698 2801 742 2877 δν
766 2809 826 2880 τόν
856 2808 982 2900 κόσμον
1017 2813 1215 2884 συνεστάναι
1241 2843 1276 2886 τε

240 2907 319 2982 ’καὶ
346 2917 551 2982 δωικεῖσθαι
572 2917 793 3002 συμβέβηκενς
828 2915 936 2998 Δῆλον
956 2913 986 2984 δ
1010 2909 1063 2986 ότι
1085 2915 1147 3012 κᾷν
1168 2916 1281 2988 ἄλλόν

263 3041 338 3084 τινα
361 3017 479 3106 μῦθον
501 3012 602 3095 πόλιν
623 3013 808 3085 ἀκούσωσιν
823 3013 917 3110 παριί
942 3042 1031 3099 τινος
1054 3023 1119 3089 τῶν
1146 3047 1275 3116 τραγῳ·

263 3120 427 3202 δοποιῶν,
459 3115 509 3199 όῖς
532 3120 629 3212 ἔργον
650 3117 694 3186 τά
715 3122 857 3188 τοιαῦτα
874 3117 1072 3210 πλάσματα,
1095 3121 1277 3212 ἢγνναῖκιί

265 3249 339 3293 τινα
349 3225 397 3307 ²¹)
411 3220 468 3290 διά
474 3223 671 3306 ζηλοτυπίαν
684 3227 1002 3313 ἐπιβουλευσομένην
1011 3231 1071 3314 μὲν
1085 3223 1276 3318 ἀλλοτρίοις

265 3329 406 3409 τέκνοις,
428 3321 668 3395 ἀποκτείνασαν
688 3326 724 3392 δὲ
744 3322 788 3392 τό
808 3327 942 3412 ἑαυτῆς,
971 3324 1007 3411 ἢ,
1038 3331 1183 3413 Θυέστην
1201 3331 1279 3401 τινά

265 3430 411 3519 δυστυχῆ
422 3433 561 3521 γέροντα
571 3430 635 3498 τῶν
649 3429 779 3521 σαρκῶν
789 3430 853 3497 τάν
868 3431 1007 3498 παιδίων
1024 3427 1128 3502 ἀστοῦ
1139 3437 1276 3504 ἐσθίον-

236 3527 243 3538 ’
267 3527 328 3615 τό,
344 3528 492 3625 Ἀτρέως
510 3528 600 3610 τινός
616 3528 764 3625 ἀδελφοῦ
784 3527 940 3614 τοιαότην
952 3538 1169 3625 παραθέντος
1183 3532 1276 3629 ἀντῷ

268 3629 451 3726 τράπεζαν,
471 3630 662 3702 πιστεύουσι
683 3631 723 3716 δὴ
744 3633 795 3717 ²²)
816 3639 888 3713 τοῖς
901 3629 1031 3722 μόθοις
1048 3633 1092 3716 ὡς
1112 3635 1275 3726 γεγονόσι,

268 3734 404 3821 κοίτην
429 3738 623 3826 εἰμαρμὲνην
643 3761 678 3804 τε
701 3742 758 3805 καὶ
782 3732 941 3829 πρόνοιαν
965 3735 1005 3806 δι’
1033 3736 1141 3809 ἀυτῶν
1168 3768 1274 3810 κατα-

270 3836 497 3923 σκευάζουσιν,
518 3831 624 3932 ῖίσπερ
645 3839 741 3932 ἔργον
762 3835 953 3928 πεισόμενοι
974 3835 1195 3928 ἀβούλονται
1216 3872 1276 3913 κα-

270 3938 477 4027 τασκευάζον
501 3937 540 4010 δι’
564 3938 671 4012 ἀυτῶν
690 3943 755 4013 τῶν
779 3944 986 4013 κατασκευῶν
1007 3941 1161 4040 ἀναιρεῖν.
1205 3951 1278 4019 Καί
