<?xml version="1.0" encoding="UTF-8"?>
<!DOCTYPE html PUBLIC "-//W3C//DTD XHTML 1.0 Transitional//EN"
    "http://www.w3.org/TR/xhtml1/DTD/xhtml1-transitional.dtd">
<html xmlns="http://www.w3.org/1999/xhtml" xml:lang="en" lang="en">
 <head>
  <title>
</title>
<meta http-equiv="Content-Type" content="text/html;charset=utf-8" />
  <meta name='ocr-system' content='tesseract 3.04.00' />
  <meta name='ocr-capabilities' content='ocr_page ocr_carea ocr_par ocr_line ocrx_word'/>
</head>
<body>
  <div class='ocr_page' id='page_1' title='image "./alexandriaphrod00bardgoog_0317.png"; bbox 0 0 2774 4756; ppageno 0'>
   <div class='ocr_carea' id='block_1_1' title="bbox 126 599 1177 2968">
    <p class='ocr_par' dir='ltr' id='par_1_1' title="bbox 126 599 1177 1299">
     <span class='ocr_line' id='line_1_1' title="bbox 144 599 1125 682; baseline -0.016 1"><span class='ocrx_word' id='word_1_1' title='bbox 144 603 148 610; x_wconf 45' lang='lat'>¹</span> <span class='ocrx_word' id='word_1_2' title='bbox 213 614 245 682; x_wconf 78' lang='lat' dir='ltr'><strong>in</strong></span> <span class='ocrx_word' id='word_1_3' title='bbox 266 613 374 678; x_wconf 81' lang='lat' dir='ltr'><strong>libello</strong></span> <span class='ocrx_word' id='word_1_4' title='bbox 396 613 434 682; x_wconf 80' lang='lat' dir='ltr'><strong>de</strong></span> <span class='ocrx_word' id='word_1_5' title='bbox 448 610 605 676; x_wconf 79' lang='lat' dir='ltr'><strong>Febribus</strong></span> <span class='ocrx_word' id='word_1_6' title='bbox 625 608 794 673; x_wconf 73' lang='lat' dir='ltr'><strong>novissime</strong></span> <span class='ocrx_word' id='word_1_7' title='bbox 817 599 943 672; x_wconf 80' lang='lat' dir='ltr'><strong>editoe</strong></span> <span class='ocrx_word' id='word_1_8' title='bbox 965 608 1023 672; x_wconf 73' lang='lat' dir='ltr'><strong>er.</strong></span> <span class='ocrx_word' id='word_1_9' title='bbox 1044 607 1125 672; x_wconf 71' lang='lat' dir='ltr'><strong>Par-</strong></span> 
     </span>
     <span class='ocr_line' id='line_1_2' title="bbox 215 710 877 802; baseline -0.015 -19"><span class='ocrx_word' id='word_1_10' title='bbox 215 739 301 783; x_wconf 78' lang='grc' dir='ltr'><em>εονν.</em></span> <span class='ocrx_word' id='word_1_11' title='bbox 324 716 408 802; x_wconf 85' lang='lat' dir='ltr'><strong>Cap.</strong></span> <span class='ocrx_word' id='word_1_12' title='bbox 431 715 582 780; x_wconf 87' lang='lat' dir='ltr'>XXVII.</span> <span class='ocrx_word' id='word_1_13' title='bbox 605 734 682 798; x_wconf 82' lang='lat' dir='ltr'><strong>pag.</strong></span> <span class='ocrx_word' id='word_1_14' title='bbox 706 713 760 775; x_wconf 81' lang='lat'><strong>35.</strong></span> <span class='ocrx_word' id='word_1_15' title='bbox 804 710 877 792; x_wconf 90' lang='grc' dir='ltr'><strong>(Ο.)</strong></span> 
     </span>
     <span class='ocr_line' id='line_1_3' title="bbox 126 809 1168 908; baseline -0.014 -20"><span class='ocrx_word' id='word_1_16' title='bbox 126 823 186 903; x_wconf 71' lang='grc'><strong>’7)</strong></span> <span class='ocrx_word' id='word_1_17' title='bbox 212 814 407 908; x_wconf 81' lang='grc' dir='ltr'><em>μηκύνειν</em></span> <span class='ocrx_word' id='word_1_18' title='bbox 428 820 481 894; x_wconf 82' lang='grc' dir='ltr'><strong>εἰς</strong></span> <span class='ocrx_word' id='word_1_19' title='bbox 500 811 633 883; x_wconf 79' lang='grc' dir='ltr'><em>πάντα</em></span> <span class='ocrx_word' id='word_1_20' title='bbox 654 812 703 881; x_wconf 86' lang='grc' dir='ltr'><strong>τὰ</strong></span> <span class='ocrx_word' id='word_1_21' title='bbox 723 809 951 901; x_wconf 75' lang='grc' dir='ltr'><em>λεγόμενα]</em></span> <span class='ocrx_word' id='word_1_22' title='bbox 974 814 1019 891; x_wconf 80' lang='grc' dir='ltr'><strong>ἒις</strong></span> <span class='ocrx_word' id='word_1_23' title='bbox 1040 812 1132 876; x_wconf 77' lang='lat' dir='ltr'><strong>abent</strong></span> <span class='ocrx_word' id='word_1_24' title='bbox 1164 813 1168 820; x_wconf 79' lang='grc'><strong>“</strong></span> 
     </span>
     <span class='ocr_line' id='line_1_4' title="bbox 215 918 1136 998; baseline -0.027 -8"><span class='ocrx_word' id='word_1_25' title='bbox 215 925 248 990; x_wconf 87' lang='lat' dir='ltr'><strong>in</strong></span> <span class='ocrx_word' id='word_1_26' title='bbox 269 923 376 987; x_wconf 84' lang='lat' dir='ltr'><strong>Havn.</strong></span> <span class='ocrx_word' id='word_1_27' title='bbox 401 933 432 985; x_wconf 83' lang='lat' dir='ltr'><strong>et</strong></span> <span class='ocrx_word' id='word_1_28' title='bbox 453 918 589 984; x_wconf 82' lang='lat' dir='ltr'><strong>Aldinis.</strong></span> <span class='ocrx_word' id='word_1_29' title='bbox 1128 991 1136 998; x_wconf 91' lang='lat'>.</span> 
     </span>
     <span class='ocr_line' id='line_1_5' title="bbox 153 1020 1046 1115; baseline -0.007 -23"><span class='ocrx_word' id='word_1_30' title='bbox 153 1027 188 1110; x_wconf 87' lang='grc'><strong>8)</strong></span> <span class='ocrx_word' id='word_1_31' title='bbox 215 1021 609 1115; x_wconf 75' lang='grc' dir='ltr'><strong><em>παρατιθεμένους]</em></strong></span> <span class='ocrx_word' id='word_1_32' title='bbox 630 1020 708 1084; x_wconf 85' lang='lat' dir='ltr'><strong>Ald.</strong></span> <span class='ocrx_word' id='word_1_33' title='bbox 726 1021 757 1082; x_wconf 83' lang='lat'><strong>1·</strong></span> <span class='ocrx_word' id='word_1_34' title='bbox 781 1021 1046 1108; x_wconf 74' lang='grc' dir='ltr'><em>παρατιθέμενα.</em></span> 
     </span>
     <span class='ocr_line' id='line_1_6' title="bbox 151 1117 1177 1211; baseline -0.009 -16"><span class='ocrx_word' id='word_1_35' title='bbox 151 1131 186 1211; x_wconf 82' lang='grc'><strong>9)</strong></span> <span class='ocrx_word' id='word_1_36' title='bbox 207 1127 358 1197; x_wconf 86' lang='grc' dir='ltr'><em>Ὄντων</em></span> <span class='ocrx_word' id='word_1_37' title='bbox 379 1129 420 1194; x_wconf 82' lang='grc' dir='ltr'><strong>δὲ</strong></span> <span class='ocrx_word' id='word_1_38' title='bbox 440 1120 662 1206; x_wconf 84' lang='grc' dir='ltr'><em>πλειόνων]</em></span> <span class='ocrx_word' id='word_1_39' title='bbox 693 1117 958 1188; x_wconf 78' lang='grc' dir='ltr'><em>ΑΙᾶίαεεὌντων</em></span> <span class='ocrx_word' id='word_1_40' title='bbox 980 1118 1019 1203; x_wconf 81' lang='grc' dir='ltr'><strong>δὴ</strong></span> <span class='ocrx_word' id='word_1_41' title='bbox 1041 1123 1131 1187; x_wconf 83' lang='grc' dir='ltr'><em>πλει-</em></span> <span class='ocrx_word' id='word_1_42' title='bbox 1175 1119 1177 1125; x_wconf 75' lang='grc'><strong>’</strong></span> 
     </span>
     <span class='ocr_line' id='line_1_7' title="bbox 217 1251 1174 1299; baseline -0.015 -2"><span class='ocrx_word' id='word_1_43' title='bbox 217 1251 309 1299; x_wconf 72' lang='grc' dir='ltr'><em>θ’νων.</em></span> <span class='ocrx_word' id='word_1_44' title='bbox 1165 1254 1174 1278; x_wconf 82' lang='grc'><strong>.·</strong></span> 
     </span>
    </p>

    <p class='ocr_par' dir='ltr' id='par_1_2' title="bbox 132 1311 1135 1938">
     <span class='ocr_line' id='line_1_8' title="bbox 132 1311 1133 1420; baseline -0.012 -18"><span class='ocrx_word' id='word_1_45' title='bbox 132 1337 187 1417; x_wconf 70' lang='grc'><strong>10)</strong></span> <span class='ocrx_word' id='word_1_46' title='bbox 217 1329 286 1402; x_wconf 78' lang='grc' dir='ltr'><strong>ὁτὲ</strong></span> <span class='ocrx_word' id='word_1_47' title='bbox 314 1338 386 1420; x_wconf 78' lang='grc' dir='ltr'><em>μὲν</em></span> <span class='ocrx_word' id='word_1_48' title='bbox 412 1333 455 1398; x_wconf 75' lang='grc' dir='ltr'><strong>δὲ</strong></span> <span class='ocrx_word' id='word_1_49' title='bbox 486 1325 538 1417; x_wconf 81' lang='grc' dir='ltr'><strong>μὴ</strong></span> <span class='ocrx_word' id='word_1_50' title='bbox 565 1323 675 1396; x_wconf 77' lang='grc' dir='ltr'><em>’ὂύτω</em></span> <span class='ocrx_word' id='word_1_51' title='bbox 703 1311 965 1416; x_wconf 85' lang='grc' dir='ltr'><em>συμβαίνειν,</em></span> <span class='ocrx_word' id='word_1_52' title='bbox 1001 1319 1069 1391; x_wconf 77' lang='grc' dir='ltr'><strong>ὁτὲ</strong></span> <span class='ocrx_word' id='word_1_53' title='bbox 1091 1327 1133 1392; x_wconf 73' lang='lat' dir='ltr'><strong>dd</strong></span> 
     </span>
     <span class='ocr_line' id='line_1_9' title="bbox 218 1422 1135 1519; baseline -0.014 -14"><span class='ocrx_word' id='word_1_54' title='bbox 218 1431 380 1515; x_wconf 77' lang='grc' dir='ltr'><strong>ὁιίτως]Ι</strong></span> <span class='ocrx_word' id='word_1_55' title='bbox 398 1437 508 1498; x_wconf 83' lang='lat' dir='ltr'><strong>Havn.</strong></span> <span class='ocrx_word' id='word_1_56' title='bbox 537 1424 590 1500; x_wconf 82' lang='grc' dir='ltr'><strong>ὅτε</strong></span> <span class='ocrx_word' id='word_1_57' title='bbox 611 1439 671 1519; x_wconf 78' lang='grc' dir='ltr'><em>μὲν</em></span> <span class='ocrx_word' id='word_1_58' title='bbox 688 1422 748 1498; x_wconf 77' lang='grc' dir='ltr'><em>ίίτε</em></span> <span class='ocrx_word' id='word_1_59' title='bbox 771 1426 872 1517; x_wconf 82' lang='grc' dir='ltr'><em>δὲμὴ</em></span> <span class='ocrx_word' id='word_1_60' title='bbox 894 1423 997 1505; x_wconf 83' lang='grc' dir='ltr'><em>ὁύτως</em></span> <span class='ocrx_word' id='word_1_61' title='bbox 1019 1427 1046 1493; x_wconf 80' lang='grc' dir='ltr'><strong>ἒί</strong></span> <span class='ocrx_word' id='word_1_62' title='bbox 1066 1451 1135 1505; x_wconf 84' lang='grc' dir='ltr'><strong>πως</strong></span> 
     </span>
     <span class='ocr_line' id='line_1_10' title="bbox 217 1529 1133 1626; baseline -0.015 -18"><span class='ocrx_word' id='word_1_63' title='bbox 217 1541 389 1626; x_wconf 80' lang='grc' dir='ltr'><em>συμβαίνει</em></span> <span class='ocrx_word' id='word_1_64' title='bbox 411 1529 464 1604; x_wconf 83' lang='grc' dir='ltr'><strong>ὅτε</strong></span> <span class='ocrx_word' id='word_1_65' title='bbox 486 1540 521 1603; x_wconf 83' lang='grc' dir='ltr'><strong>δὲ</strong></span> <span class='ocrx_word' id='word_1_66' title='bbox 543 1531 647 1614; x_wconf 81' lang='grc' dir='ltr'><em>ὁύτως</em></span> <span class='ocrx_word' id='word_1_67' title='bbox 674 1557 716 1599; x_wconf 81' lang='lat' dir='ltr'><strong>ex</strong></span> <span class='ocrx_word' id='word_1_68' title='bbox 748 1534 860 1620; x_wconf 87' lang='lat' dir='ltr'><strong>quibus</strong></span> <span class='ocrx_word' id='word_1_69' title='bbox 876 1531 995 1595; x_wconf 82' lang='lat' dir='ltr'><strong>-verbis</strong></span> <span class='ocrx_word' id='word_1_70' title='bbox 1009 1559 1011 1564; x_wconf 95' lang='lat'>·</span> <span class='ocrx_word' id='word_1_71' title='bbox 1024 1551 1133 1594; x_wconf 84' lang='lat' dir='ltr'><strong>veram</strong></span> 
     </span>
     <span class='ocr_line' id='line_1_11' title="bbox 218 1627 1135 1726; baseline -0.01 -18"><span class='ocrx_word' id='word_1_72' title='bbox 218 1642 357 1708; x_wconf 81' lang='lat' dir='ltr'><strong>auctoris</strong></span> <span class='ocrx_word' id='word_1_73' title='bbox 379 1641 567 1724; x_wconf 83' lang='lat' dir='ltr'><strong>scripturam</strong></span> <span class='ocrx_word' id='word_1_74' title='bbox 589 1639 877 1726; x_wconf 85' lang='lat' dir='ltr'><strong>siorefingendam</strong></span> <span class='ocrx_word' id='word_1_75' title='bbox 905 1633 1050 1702; x_wconf 88' lang='lat' dir='ltr'><strong>existimo</strong></span> <span class='ocrx_word' id='word_1_76' title='bbox 1079 1627 1135 1714; x_wconf 68' lang='lat' dir='ltr'><strong>ded</strong></span> 
     </span>
     <span class='ocr_line' id='line_1_12' title="bbox 216 1731 1135 1834; baseline -0.013 -21"><span class='ocrx_word' id='word_1_77' title='bbox 216 1743 336 1834; x_wconf 76' lang='grc' dir='ltr'><em>μὲνδὴ</em></span> <span class='ocrx_word' id='word_1_78' title='bbox 357 1741 402 1832; x_wconf 85' lang='grc' dir='ltr'><strong>μὴ</strong></span> <span class='ocrx_word' id='word_1_79' title='bbox 425 1740 510 1810; x_wconf 84' lang='grc' dir='ltr'><em>ὁύτω</em></span> <span class='ocrx_word' id='word_1_80' title='bbox 533 1742 739 1832; x_wconf 78' lang='grc' dir='ltr'><em>συμβαίνειν,</em></span> <span class='ocrx_word' id='word_1_81' title='bbox 762 1735 817 1806; x_wconf 80' lang='grc' dir='ltr'><strong>ὁτὲ</strong></span> <span class='ocrx_word' id='word_1_82' title='bbox 832 1742 868 1806; x_wconf 76' lang='grc' dir='ltr'><strong>δὲ</strong></span> <span class='ocrx_word' id='word_1_83' title='bbox 884 1731 1003 1818; x_wconf 84' lang='grc' dir='ltr'><em>ὁύτως,</em></span> <span class='ocrx_word' id='word_1_84' title='bbox 1026 1736 1053 1802; x_wconf 82' lang='grc' dir='ltr'><strong>ἕν’</strong></span> <span class='ocrx_word' id='word_1_85' title='bbox 1067 1761 1135 1814; x_wconf 77' lang='grc' dir='ltr'><strong>πως</strong></span> 
     </span>
     <span class='ocr_line' id='line_1_13' title="bbox 220 1832 969 1938; baseline -0.019 -20"><span class='ocrx_word' id='word_1_86' title='bbox 220 1848 403 1938; x_wconf 75' lang='grc' dir='ltr'><em>συμβαίνει.</em></span> <span class='ocrx_word' id='word_1_87' title='bbox 434 1847 507 1928; x_wconf 86' lang='grc'><strong>(0.)</strong></span> <span class='ocrx_word' id='word_1_88' title='bbox 966 1832 969 1838; x_wconf 62' lang='grc'><strong>’</strong></span> 
     </span>
    </p>

    <p class='ocr_par' dir='ltr' id='par_1_3' title="bbox 135 1941 1131 2233">
     <span class='ocr_line' id='line_1_14' title="bbox 135 1941 1131 2042; baseline -0.021 -20"><span class='ocrx_word' id='word_1_89' title='bbox 135 1957 190 2042; x_wconf 77' lang='lat' dir='ltr'><strong>ss)</strong></span> <span class='ocrx_word' id='word_1_90' title='bbox 219 1950 372 2032; x_wconf 83' lang='grc' dir='ltr'><em>ὀῦσαν]</em></span> <span class='ocrx_word' id='word_1_91' title='bbox 400 1947 481 2027; x_wconf 84' lang='grc' dir='ltr'>Θεὸς</span> <span class='ocrx_word' id='word_1_92' title='bbox 498 1949 568 2012; x_wconf 87' lang='lat' dir='ltr'><strong>scil.</strong></span> <span class='ocrx_word' id='word_1_93' title='bbox 580 1949 614 2011; x_wconf 90' lang='lat' dir='ltr'><strong>h.</strong></span> <span class='ocrx_word' id='word_1_94' title='bbox 630 1947 654 2010; x_wconf 88' lang='lat'><strong>1.</strong></span> <span class='ocrx_word' id='word_1_95' title='bbox 667 1944 870 2011; x_wconf 83' lang='lat' dir='ltr'><strong>foemininum</strong></span> <span class='ocrx_word' id='word_1_96' title='bbox 880 1955 915 2006; x_wconf 91' lang='lat' dir='ltr'><strong>ut</strong></span> <span class='ocrx_word' id='word_1_97' title='bbox 930 1965 982 2024; x_wconf 85' lang='lat' dir='ltr'><strong>ap.</strong></span> <span class='ocrx_word' id='word_1_98' title='bbox 998 1941 1131 2006; x_wconf 84' lang='lat' dir='ltr'><strong>Platon.</strong></span> 
     </span>
     <span class='ocr_line' id='line_1_15' title="bbox 219 2041 1130 2142; baseline -0.016 -22"><span class='ocrx_word' id='word_1_99' title='bbox 219 2059 259 2120; x_wconf 85' lang='lat' dir='ltr'><strong>de</strong></span> <span class='ocrx_word' id='word_1_100' title='bbox 280 2057 366 2138; x_wconf 86' lang='lat' dir='ltr'><strong>Rep.</strong></span> <span class='ocrx_word' id='word_1_101' title='bbox 390 2055 421 2116; x_wconf 90' lang='lat'><strong>1.</strong></span> <span class='ocrx_word' id='word_1_102' title='bbox 444 2046 693 2142; x_wconf 82' lang='grc' dir='ltr'><em>προςευξιίμενοι</em></span> <span class='ocrx_word' id='word_1_103' title='bbox 714 2050 753 2142; x_wconf 77' lang='grc' dir='ltr'><strong>τῇ</strong></span> <span class='ocrx_word' id='word_1_104' title='bbox 774 2048 858 2138; x_wconf 74' lang='grc' dir='ltr'><strong>θεῷ.</strong></span> <span class='ocrx_word' id='word_1_105' title='bbox 878 2044 1040 2128; x_wconf 81' lang='lat' dir='ltr'><strong>Loquitur</strong></span> <span class='ocrx_word' id='word_1_106' title='bbox 1061 2041 1130 2118; x_wconf 80' lang='lat' dir='ltr'><strong>soil.</strong></span> 
     </span>
     <span class='ocr_line' id='line_1_16' title="bbox 222 2151 771 2233; baseline -0.02 -9"><span class='ocrx_word' id='word_1_107' title='bbox 222 2170 334 2224; x_wconf 83' lang='lat' dir='ltr'><strong>auctor</strong></span> <span class='ocrx_word' id='word_1_108' title='bbox 355 2159 393 2221; x_wconf 87' lang='lat' dir='ltr'><strong>de</strong></span> <span class='ocrx_word' id='word_1_109' title='bbox 415 2155 515 2220; x_wconf 88' lang='lat' dir='ltr'><strong>anima</strong></span> <span class='ocrx_word' id='word_1_110' title='bbox 535 2152 653 2218; x_wconf 90' lang='lat' dir='ltr'><strong>mundi.</strong></span> <span class='ocrx_word' id='word_1_111' title='bbox 698 2151 771 2233; x_wconf 83' lang='lat'><strong>(0.)</strong></span> 
     </span>
    </p>

    <p class='ocr_par' dir='ltr' id='par_1_4' title="bbox 528 2279 747 2320">
     <span class='ocr_line' id='line_1_17' title="bbox 528 2279 747 2320; baseline -0.023 1"><span class='ocrx_word' id='word_1_112' title='bbox 528 2279 613 2320; x_wconf 76' lang='lat' dir='ltr'><strong>cnr.</strong></span> <span class='ocrx_word' id='word_1_113' title='bbox 647 2279 747 2318; x_wconf 81' lang='lat' dir='ltr'><strong>xxm.</strong></span> 
     </span>
    </p>

    <p class='ocr_par' dir='ltr' id='par_1_5' title="bbox 129 2351 1139 2865">
     <span class='ocr_line' id='line_1_18' title="bbox 129 2351 1135 2450; baseline -0.02 -17"><span class='ocrx_word' id='word_1_114' title='bbox 129 2415 132 2424; x_wconf 80' lang='lat'>·</span> <span class='ocrx_word' id='word_1_115' title='bbox 159 2369 193 2450; x_wconf 71' lang='grc' dir='ltr'><strong>ί)</strong></span> <span class='ocrx_word' id='word_1_116' title='bbox 221 2361 271 2444; x_wconf 80' lang='grc' dir='ltr'><strong>ὥς</strong></span> <span class='ocrx_word' id='word_1_117' title='bbox 292 2357 452 2432; x_wconf 75' lang='grc' dir='ltr'><em>πάντων</em></span> <span class='ocrx_word' id='word_1_118' title='bbox 474 2362 550 2428; x_wconf 82' lang='grc' dir='ltr'><em>τῶν</em></span> <span class='ocrx_word' id='word_1_119' title='bbox 572 2357 701 2426; x_wconf 81' lang='grc' dir='ltr'><em>ὄντων</em></span> <span class='ocrx_word' id='word_1_120' title='bbox 723 2357 806 2436; x_wconf 75' lang='lat' dir='ltr'><strong>eto]</strong></span> <span class='ocrx_word' id='word_1_121' title='bbox 829 2354 1001 2418; x_wconf 83' lang='lat' dir='ltr'><strong>ltaHavn.</strong></span> <span class='ocrx_word' id='word_1_122' title='bbox 1025 2351 1135 2415; x_wconf 84' lang='lat' dir='ltr'><strong>etBa-</strong></span> 
     </span>
     <span class='ocr_line' id='line_1_19' title="bbox 224 2456 1139 2555; baseline -0.021 -21"><span class='ocrx_word' id='word_1_123' title='bbox 224 2469 348 2555; x_wconf 84' lang='lat' dir='ltr'><strong>golinus</strong></span> <span class='ocrx_word' id='word_1_124' title='bbox 371 2479 516 2530; x_wconf 77' lang='lat' dir='ltr'><strong>vertensr</strong></span> <span class='ocrx_word' id='word_1_125' title='bbox 545 2462 631 2540; x_wconf 84' lang='lat' dir='ltr'><strong>fieri</strong></span> <span class='ocrx_word' id='word_1_126' title='bbox 662 2463 777 2524; x_wconf 82' lang='lat' dir='ltr'><strong>omnia</strong></span> <span class='ocrx_word' id='word_1_127' title='bbox 801 2459 941 2539; x_wconf 81' lang='lat' dir='ltr'><strong>primis,</strong></span> <span class='ocrx_word' id='word_1_128' title='bbox 984 2456 1034 2516; x_wconf 76' lang='lat' dir='ltr'><strong>his</strong></span> <span class='ocrx_word' id='word_1_129' title='bbox 1069 2464 1139 2532; x_wconf 85' lang='lat' dir='ltr'><strong>(eo-</strong></span> 
     </span>
     <span class='ocr_line' id='line_1_20' title="bbox 222 2550 1138 2656; baseline -0.026 -18"><span class='ocrx_word' id='word_1_130' title='bbox 222 2576 311 2655; x_wconf 88' lang='lat' dir='ltr'><strong>rum)</strong></span> <span class='ocrx_word' id='word_1_131' title='bbox 333 2593 420 2656; x_wconf 83' lang='lat' dir='ltr'><strong>quae</strong></span> <span class='ocrx_word' id='word_1_132' title='bbox 441 2577 516 2651; x_wconf 82' lang='lat' dir='ltr'><strong>post</strong></span> <span class='ocrx_word' id='word_1_133' title='bbox 542 2568 626 2633; x_wconf 75' lang='lat' dir='ltr'><strong>haee</strong></span> <span class='ocrx_word' id='word_1_134' title='bbox 645 2561 741 2638; x_wconf 83' lang='lat' dir='ltr'><strong>fiunt</strong></span> <span class='ocrx_word' id='word_1_135' title='bbox 767 2559 880 2621; x_wconf 79' lang='lat' dir='ltr'><strong>causis</strong></span> <span class='ocrx_word' id='word_1_136' title='bbox 909 2550 1138 2620; x_wconf 73' lang='lat' dir='ltr'><strong>existentibus.</strong></span> 
     </span>
     <span class='ocr_line' id='line_1_21' title="bbox 223 2652 1138 2762; baseline -0.03 -22"><span class='ocrx_word' id='word_1_137' title='bbox 223 2677 300 2742; x_wconf 83' lang='lat' dir='ltr'><strong>Ald.</strong></span> <span class='ocrx_word' id='word_1_138' title='bbox 324 2681 355 2737; x_wconf 86' lang='lat'><strong>1.</strong></span> <span class='ocrx_word' id='word_1_139' title='bbox 380 2683 410 2736; x_wconf 87' lang='lat' dir='ltr'><strong>et</strong></span> <span class='ocrx_word' id='word_1_140' title='bbox 431 2671 539 2734; x_wconf 88' lang='lat' dir='ltr'><strong>Lond.</strong></span> <span class='ocrx_word' id='word_1_141' title='bbox 563 2657 749 2762; x_wconf 55' lang='lat' dir='ltr'><strong>&amp;casnedo</strong></span> <span class='ocrx_word' id='word_1_142' title='bbox 770 2657 832 2724; x_wconf 80' lang='grc' dir='ltr'><em>τῶν</em></span> <span class='ocrx_word' id='word_1_143' title='bbox 854 2652 965 2721; x_wconf 80' lang='grc' dir='ltr'><em>ὄντων.</em></span> <span class='ocrx_word' id='word_1_144' title='bbox 999 2653 1077 2716; x_wconf 84' lang='lat' dir='ltr'><strong>Ald.</strong></span> <span class='ocrx_word' id='word_1_145' title='bbox 1104 2652 1138 2714; x_wconf 79' lang='lat'><strong>2.</strong></span> 
     </span>
     <span class='ocr_line' id='line_1_22' title="bbox 224 2770 540 2865; baseline -0.028 -19"><span class='ocrx_word' id='word_1_146' title='bbox 224 2771 321 2865; x_wconf 80' lang='grc' dir='ltr'><em>ίίςτερ</em></span> <span class='ocrx_word' id='word_1_147' title='bbox 343 2775 406 2842; x_wconf 80' lang='grc' dir='ltr'><em>τῶν</em></span> <span class='ocrx_word' id='word_1_148' title='bbox 428 2770 540 2841; x_wconf 76' lang='grc' dir='ltr'><em>ὄντων.</em></span> 
     </span>
    </p>

    <p class='ocr_par' dir='ltr' id='par_1_6' title="bbox 161 2850 1140 2968">
     <span class='ocr_line' id='line_1_23' title="bbox 161 2850 1140 2968; baseline -0.031 -17"><span class='ocrx_word' id='word_1_149' title='bbox 161 2885 196 2965; x_wconf 77' lang='grc'><strong>2)</strong></span> <span class='ocrx_word' id='word_1_150' title='bbox 224 2877 325 2968; x_wconf 82' lang='grc' dir='ltr'><em>μετὰ</em></span> <span class='ocrx_word' id='word_1_151' title='bbox 346 2874 498 2953; x_wconf 82' lang='grc' dir='ltr'><em>ταῦτα]</em></span> <span class='ocrx_word' id='word_1_152' title='bbox 521 2872 708 2958; x_wconf 84' lang='lat' dir='ltr'><strong>Legendum</strong></span> <span class='ocrx_word' id='word_1_153' title='bbox 729 2865 853 2929; x_wconf 80' lang='lat' dir='ltr'><strong>videtur</strong></span> <span class='ocrx_word' id='word_1_154' title='bbox 874 2859 938 2926; x_wconf 81' lang='grc' dir='ltr'><em>τῶν</em></span> <span class='ocrx_word' id='word_1_155' title='bbox 958 2851 1040 2944; x_wconf 82' lang='grc' dir='ltr'><em>μετίι</em></span> <span class='ocrx_word' id='word_1_156' title='bbox 1061 2850 1140 2922; x_wconf 73' lang='grc' dir='ltr'><em>ταῦ·</em></span> 
     </span>
    </p>
   </div>
   <div class='ocr_carea' id='block_1_2' title="bbox 227 2959 1261 3064">
    <p class='ocr_par' dir='ltr' id='par_1_7' title="bbox 227 2959 1261 3064">
     <span class='ocr_line' id='line_1_24' title="bbox 227 2959 1261 3064; baseline -0.029 -16"><span class='ocrx_word' id='word_1_157' title='bbox 227 3008 287 3064; x_wconf 67' lang='grc' dir='ltr'><strong>τα,</strong></span> <span class='ocrx_word' id='word_1_158' title='bbox 319 2993 355 3042; x_wconf 84' lang='lat' dir='ltr'><strong>ut</strong></span> <span class='ocrx_word' id='word_1_159' title='bbox 374 2977 548 3063; x_wconf 81' lang='lat' dir='ltr'><strong>Bagolinus</strong></span> <span class='ocrx_word' id='word_1_160' title='bbox 570 2959 717 3037; x_wconf 70' lang='lat' dir='ltr'><strong>reddidit.</strong></span> <span class='ocrx_word' id='word_1_161' title='bbox 761 2966 846 3031; x_wconf 86' lang='lat' dir='ltr'>Vide</span> <span class='ocrx_word' id='word_1_162' title='bbox 868 2964 1140 3043; x_wconf 67' lang='lat' dir='ltr'><strong>Notanpraece·</strong></span> <span class='ocrx_word' id='word_1_163' title='bbox 1259 3023 1261 3028; x_wconf 64' lang='grc'>,</span> 
     </span>
    </p>
   </div>
   <div class='ocr_carea' id='block_1_3' title="bbox 134 3061 1143 3476">
    <p class='ocr_par' dir='ltr' id='par_1_8' title="bbox 227 3061 1140 3274">
     <span class='ocr_line' id='line_1_25' title="bbox 228 3061 1140 3162; baseline -0.027 -13"><span class='ocrx_word' id='word_1_164' title='bbox 228 3088 364 3148; x_wconf 79' lang='lat' dir='ltr'><strong>dentem.</strong></span> <span class='ocrx_word' id='word_1_165' title='bbox 395 3081 468 3162; x_wconf 86' lang='grc' dir='ltr'><strong>(Ο.)</strong></span> <span class='ocrx_word' id='word_1_166' title='bbox 510 3077 687 3144; x_wconf 83' lang='lat' dir='ltr'><strong>Inducenda</strong></span> <span class='ocrx_word' id='word_1_167' title='bbox 708 3068 923 3135; x_wconf 86' lang='lat' dir='ltr'><strong>tantummodo</strong></span> <span class='ocrx_word' id='word_1_168' title='bbox 945 3074 993 3127; x_wconf 86' lang='lat' dir='ltr'><strong>est</strong></span> <span class='ocrx_word' id='word_1_169' title='bbox 1013 3061 1140 3148; x_wconf 83' lang='lat' dir='ltr'><strong>virgula</strong></span> 
     </span>
     <span class='ocr_line' id='line_1_26' title="bbox 227 3174 803 3274; baseline -0.031 -16"><span class='ocrx_word' id='word_1_170' title='bbox 227 3199 301 3274; x_wconf 87' lang='lat' dir='ltr'><strong>post</strong></span> <span class='ocrx_word' id='word_1_171' title='bbox 322 3187 504 3271; x_wconf 78' lang='grc' dir='ltr'><em>γινομένων.</em></span> <span class='ocrx_word' id='word_1_172' title='bbox 547 3179 661 3260; x_wconf 74' lang='grc' dir='ltr'><strong>(θυεμ.</strong></span> <span class='ocrx_word' id='word_1_173' title='bbox 684 3174 803 3252; x_wconf 81' lang='lat' dir='ltr'><strong>Oretl.)</strong></span> 
     </span>
    </p>

    <p class='ocr_par' dir='ltr' id='par_1_9' title="bbox 134 3260 1143 3476">
     <span class='ocr_line' id='line_1_27' title="bbox 134 3260 1143 3380; baseline -0.031 -20"><span class='ocrx_word' id='word_1_174' title='bbox 134 3294 197 3376; x_wconf 58' lang='lat' dir='ltr'><strong>d)</strong></span> <span class='ocrx_word' id='word_1_175' title='bbox 224 3290 306 3367; x_wconf 82' lang='grc' dir='ltr'><strong>πῶς</strong></span> <span class='ocrx_word' id='word_1_176' title='bbox 341 3282 387 3354; x_wconf 81' lang='grc' dir='ltr'><strong>οὐ</strong></span> <span class='ocrx_word' id='word_1_177' title='bbox 423 3285 608 3380; x_wconf 78' lang='grc' dir='ltr'><em>φανερῶς</em></span> <span class='ocrx_word' id='word_1_178' title='bbox 643 3271 796 3368; x_wconf 76' lang='grc' dir='ltr'><em>ἀπᾴδει</em></span> <span class='ocrx_word' id='word_1_179' title='bbox 830 3270 906 3339; x_wconf 82' lang='grc' dir='ltr'><em>τῶν</em></span> <span class='ocrx_word' id='word_1_180' title='bbox 947 3260 1143 3359; x_wconf 74' lang='grc' dir='ltr'><em>πραγμά-</em></span> 
     </span>
     <span class='ocr_line' id='line_1_28' title="bbox 227 3377 1140 3476; baseline -0.033 -15"><span class='ocrx_word' id='word_1_181' title='bbox 227 3389 346 3476; x_wconf 71' lang='grc' dir='ltr'><em>τωνς]</em></span> <span class='ocrx_word' id='word_1_182' title='bbox 371 3389 423 3452; x_wconf 88' lang='lat' dir='ltr'><strong>Sio</strong></span> <span class='ocrx_word' id='word_1_183' title='bbox 438 3390 546 3451; x_wconf 82' lang='lat' dir='ltr'><strong>Havn.</strong></span> <span class='ocrx_word' id='word_1_184' title='bbox 562 3397 593 3449; x_wconf 91' lang='lat' dir='ltr'><strong>et</strong></span> <span class='ocrx_word' id='word_1_185' title='bbox 608 3381 781 3469; x_wconf 84' lang='lat' dir='ltr'><strong>Bagolinus</strong></span> <span class='ocrx_word' id='word_1_186' title='bbox 804 3388 930 3441; x_wconf 85' lang='lat' dir='ltr'><strong>vertens</strong></span> <span class='ocrx_word' id='word_1_187' title='bbox 954 3393 1022 3455; x_wconf 83' lang='lat' dir='ltr'><strong>quo</strong></span> <span class='ocrx_word' id='word_1_188' title='bbox 1033 3377 1140 3452; x_wconf 82' lang='lat' dir='ltr'><strong>puoto</strong></span> 
     </span>
    </p>
   </div>
   <div class='ocr_carea' id='block_1_4' title="bbox 225 3467 1264 3574">
    <p class='ocr_par' dir='ltr' id='par_1_10' title="bbox 225 3467 1264 3574">
     <span class='ocr_line' id='line_1_29' title="bbox 225 3467 1264 3574; baseline -0.029 -12"><span class='ocrx_word' id='word_1_189' title='bbox 225 3516 294 3562; x_wconf 79' lang='lat' dir='ltr'><strong>non</strong></span> <span class='ocrx_word' id='word_1_190' title='bbox 322 3502 437 3574; x_wconf 83' lang='lat' dir='ltr'><strong>aperte</strong></span> <span class='ocrx_word' id='word_1_191' title='bbox 468 3511 491 3552; x_wconf 91' lang='grc' dir='ltr'><em>α</em></span> <span class='ocrx_word' id='word_1_192' title='bbox 516 3487 613 3553; x_wconf 83' lang='lat' dir='ltr'><strong>rebus</strong></span> <span class='ocrx_word' id='word_1_193' title='bbox 634 3486 712 3567; x_wconf 77' lang='lat' dir='ltr'><strong><em>ipsis</em></strong></span> <span class='ocrx_word' id='word_1_194' title='bbox 744 3479 917 3544; x_wconf 74' lang='lat' dir='ltr'><strong>dissonat?</strong></span> <span class='ocrx_word' id='word_1_195' title='bbox 958 3473 1042 3537; x_wconf 83' lang='lat' dir='ltr'><strong>Edd.</strong></span> <span class='ocrx_word' id='word_1_196' title='bbox 1076 3467 1143 3547; x_wconf 79' lang='grc' dir='ltr'><strong>πῶς</strong></span> <span class='ocrx_word' id='word_1_197' title='bbox 1261 3507 1264 3514; x_wconf 73' lang='lat'><em>=</em></span> 
     </span>
    </p>
   </div>
   <div class='ocr_carea' id='block_1_5' title="bbox 71 3581 1142 3792">
    <p class='ocr_par' dir='ltr' id='par_1_11' title="bbox 71 3581 1142 3792">
     <span class='ocr_line' id='line_1_30' title="bbox 71 3581 1008 3690; baseline -0.041 -16"><span class='ocrx_word' id='word_1_198' title='bbox 71 3672 76 3686; x_wconf 77' lang='grc'><em>,</em></span> <span class='ocrx_word' id='word_1_199' title='bbox 226 3595 345 3690; x_wconf 79' lang='grc' dir='ltr'><em>ἀπᾴδει</em></span> <span class='ocrx_word' id='word_1_200' title='bbox 368 3594 431 3658; x_wconf 85' lang='grc' dir='ltr'><em>τῶν</em></span> <span class='ocrx_word' id='word_1_201' title='bbox 452 3583 664 3676; x_wconf 78' lang='grc' dir='ltr'><em>πραγμάτων.</em></span> <span class='ocrx_word' id='word_1_202' title='bbox 707 3581 780 3662; x_wconf 89' lang='lat'><strong>(0.)</strong></span> <span class='ocrx_word' id='word_1_203' title='bbox 1006 3653 1008 3664; x_wconf 35' lang='grc' dir='ltr'>Ι</span> 
     </span>
     <span class='ocr_line' id='line_1_31' title="bbox 163 3667 1142 3792; baseline -0.035 -20"><span class='ocrx_word' id='word_1_204' title='bbox 163 3708 197 3788; x_wconf 70' lang='lat' dir='ltr'><strong>d)</strong></span> <span class='ocrx_word' id='word_1_205' title='bbox 226 3697 469 3792; x_wconf 77' lang='grc' dir='ltr'><em>ἐλλείψεως]</em></span> <span class='ocrx_word' id='word_1_206' title='bbox 483 3694 589 3757; x_wconf 80' lang='lat' dir='ltr'><strong>Havn.</strong></span> <span class='ocrx_word' id='word_1_207' title='bbox 603 3687 783 3778; x_wconf 80' lang='grc' dir='ltr'><em>ἐκλείψεως.</em></span> <span class='ocrx_word' id='word_1_208' title='bbox 793 3685 862 3748; x_wconf 89' lang='lat' dir='ltr'><strong>Pro</strong></span> <span class='ocrx_word' id='word_1_209' title='bbox 878 3675 962 3746; x_wconf 81' lang='grc' dir='ltr'><em>κατὰ</em></span> <span class='ocrx_word' id='word_1_210' title='bbox 972 3673 1011 3743; x_wconf 89' lang='grc' dir='ltr'><strong>τὸ</strong></span> <span class='ocrx_word' id='word_1_211' title='bbox 1026 3667 1142 3742; x_wconf 86' lang='grc' dir='ltr'><em>ποσὸν.</em></span> 
     </span>
    </p>
   </div>
   <div class='ocr_carea' id='block_1_6' title="bbox 229 3793 603 3872">
    <p class='ocr_par' dir='ltr' id='par_1_12' title="bbox 229 3793 603 3872">
     <span class='ocr_line' id='line_1_32' title="bbox 229 3793 603 3872; baseline -0.029 -2"><span class='ocrx_word' id='word_1_212' title='bbox 229 3806 305 3872; x_wconf 89' lang='lat' dir='ltr'><strong>Ald.</strong></span> <span class='ocrx_word' id='word_1_213' title='bbox 330 3807 361 3866; x_wconf 87' lang='lat'><strong>1.</strong></span> <span class='ocrx_word' id='word_1_214' title='bbox 384 3796 469 3867; x_wconf 86' lang='grc' dir='ltr'><em>κατὰ</em></span> <span class='ocrx_word' id='word_1_215' title='bbox 492 3793 603 3864; x_wconf 86' lang='grc' dir='ltr'><em>τόπον.</em></span> 
     </span>
    </p>
   </div>
   <div class='ocr_carea' id='block_1_7' title="bbox 134 3875 1215 4088">
    <p class='ocr_par' dir='ltr' id='par_1_13' title="bbox 134 3875 1215 4088">
     <span class='ocr_line' id='line_1_33' title="bbox 134 3875 1215 3998; baseline -0.032 -24"><span class='ocrx_word' id='word_1_216' title='bbox 134 3964 137 3974; x_wconf 89' lang='grc'><strong>.</strong></span> <span class='ocrx_word' id='word_1_217' title='bbox 165 3911 199 3990; x_wconf 81' lang='grc'><strong>5)</strong></span> <span class='ocrx_word' id='word_1_218' title='bbox 228 3907 321 3998; x_wconf 80' lang='grc' dir='ltr'><strong>[τῷ]</strong></span> <span class='ocrx_word' id='word_1_219' title='bbox 351 3899 459 3970; x_wconf 82' lang='grc' dir='ltr'><em>κατὰ</em></span> <span class='ocrx_word' id='word_1_220' title='bbox 480 3897 553 3981; x_wconf 78' lang='grc' dir='ltr'><em>τὴν</em></span> <span class='ocrx_word' id='word_1_221' title='bbox 574 3888 850 3981; x_wconf 74' lang='grc' dir='ltr'><em>ὑπάρχουσαν·</em></span> <span class='ocrx_word' id='word_1_222' title='bbox 868 3878 1068 3968; x_wconf 79' lang='grc' dir='ltr'><em>δύναμιν]</em></span> <span class='ocrx_word' id='word_1_223' title='bbox 1101 3875 1146 3967; x_wconf 63' lang='grc' dir='ltr'><strong>τᾷ</strong></span> <span class='ocrx_word' id='word_1_224' title='bbox 1213 3951 1215 3954; x_wconf 33' lang='grc'><strong>,</strong></span> 
     </span>
     <span class='ocr_line' id='line_1_34' title="bbox 226 3986 974 4088; baseline -0.036 -13"><span class='ocrx_word' id='word_1_225' title='bbox 226 4023 372 4084; x_wconf 70' lang='lat' dir='ltr'><strong>tanquam</strong></span> <span class='ocrx_word' id='word_1_226' title='bbox 394 4017 572 4088; x_wconf 82' lang='lat' dir='ltr'><strong>suspectum</strong></span> <span class='ocrx_word' id='word_1_227' title='bbox 592 3997 712 4080; x_wconf 77' lang='lat' dir='ltr'><strong>uncinis</strong></span> <span class='ocrx_word' id='word_1_228' title='bbox 734 3989 856 4063; x_wconf 79' lang='lat' dir='ltr'><strong>inclusi.</strong></span> <span class='ocrx_word' id='word_1_229' title='bbox 901 3986 974 4069; x_wconf 82' lang='lat'><strong>(0.)</strong></span> 
     </span>
    </p>
   </div>
   <div class='ocr_carea' id='block_1_8' title="bbox 0 0 1411 4756">
    <p class='ocr_par' dir='ltr' id='par_1_14' title="bbox 0 0 1411 4756">
     <span class='ocr_line' id='line_1_35' title="bbox 0 0 1411 4756; baseline 0 0"><span class='ocrx_word' id='word_1_230' title='bbox 0 0 1411 4756; x_wconf 95' lang='lat' dir='ltr'><strong> </strong></span> 
     </span>
    </p>
   </div>
  </div>
 </body>
</html>
