2728 4758
1046 347 1107 413 201

112 516 168 581 aed
189 533 299 580 causas
321 515 456 580 duorum
477 531 645 600 generum,
684 515 836 600 quaedam
858 513 940 580 enim
969 515 1038 581 fieri
1069 517 1110 582 ab

113 618 213 682 anima
234 619 385 701 quaedam
406 637 474 701 peu
486 617 561 682 alias
583 639 692 682 causas
715 638 795 702 quae
816 618 936 682 circum
950 641 1008 683 nos
1025 633 1110 686 sunt.

112 721 244 787 Animas
267 733 369 784 autem
392 733 520 805 agentes
543 741 682 804 eaquae
708 733 823 806 agumt,
860 721 915 784 uhi
943 725 1114 786 secundum
1197 774 1203 788 .

113 837 232 888 rectam
253 824 408 888 rationem
429 823 462 886 id
481 823 622 900 faciunt,
661 845 680 887 a
707 846 740 887 se
769 845 864 910 agere
893 846 973 909 quae
1003 839 1114 911 agunt.

114 927 232 993 Cetera
253 948 334 990 vero
356 926 519 1009 impeditas
547 926 580 988 id
601 947 695 1012 agere
718 930 805 1010 quod
831 949 921 990 auum
951 940 1020 1005 est,
1058 925 1126 1012 pa·'

113 1030 201 1114 tique
234 1028 334 1115 magis
374 1051 467 1112 quam
503 1050 610 1115 agere.
675 1031 787 1114 Itaque
825 1042 859 1093 ut
897 1052 962 1095 non
995 1031 1116 1113 sapiant

115 1134 190 1197 alias
214 1155 283 1197 esse
307 1153 438 1209 causas,
475 1133 607 1199 ethaeo
632 1133 719 1196 forte
747 1145 835 1196 recte
867 1132 1012 1196 dicuntur
1034 1135 1117 1199 Fato

114 1257 210 1323 agere
233 1257 274 1299 ex
295 1255 406 1299 eorum
427 1222 597 1312 senteutia,
622 1235 736 1320 quibus
752 1236 866 1298 Fatum
875 1248 1009 1318 putatur
1024 1258 1118 1300 causa

113 1361 182 1404 esse
205 1350 349 1403 externa.
396 1338 625 1421 Optimavero
649 1359 745 1424 agere
766 1359 826 1402 nos
849 1359 868 1401 a
894 1338 987 1402 nobis
1019 1338 1116 1422 ipsis:
1216 1341 1221 1358 '

113 1465 186 1507 uam
207 1443 278 1507 talis
299 1442 417 1528 ingenii
439 1449 566 1520 sumus,
603 1449 680 1505 eum'
703 1442 764 1507 soli
791 1463 910 1506 sumus.
954 1441 998 1505 Et
1027 1441 1116 1506 viros

115 1546 242 1634 quidem
263 1548 367 1610 bonos
396 1567 456 1629 peu
484 1567 518 1608 se
546 1557 634 1609 recte
663 1567 776 1631 agere:
814 1545 893 1637 alios
923 1556 1026 1608 autem
1053 1566 1118 1608 nou

113 1650 198 1713 ultra
212 1661 298 1712 recte
320 1651 427 1714 facere
449 1671 542 1734 quam
564 1651 636 1712 dum
661 1649 820 1732 respirare
850 1647 1012 1712 sinuntur:
1050 1669 1116 1711 uon

114 1751 203 1836 quod
224 1751 280 1815 ubi
301 1753 443 1836 sapiunt,
481 1753 559 1815 illud
587 1773 698 1834 sapere
719 1754 855 1816 habeant
877 1751 1022 1829 aliunde,
1060 1752 1116 1813 sed

115 1857 203 1938 quod
223 1855 255 1919 in
277 1875 317 1920 eo
338 1877 403 1921 nou
426 1854 648 1940 impediamur.
1167 1847 1170 1854 ’
