2758 4760
963 365 967 374 ’
1060 349 1118 416 tol

117 544 214 588 cansa
234 523 305 586 talis
332 535 379 586 est
401 523 466 586 eius
490 521 627 598 ordinis,
667 521 729 604 qui·
742 523 911 587 secundum
934 523 1042 583 cadem
1063 521 1119 584 sib

117 631 173 692 Ab
199 628 264 690 hoe
296 626 377 690 enim
409 648 534 710 semper
564 625 647 689 vitae
681 637 711 688 et
744 624 878 689 vitarum
912 623 1116 688 discessiones

116 731 216 807 liunt,
241 730 302 795 nisi
321 729 471 812 impedita
493 732 532 794 ab
555 729 661 813 aliquo
685 728 736 792 sit.
781 727 934 792 Videmus
950 728 1031 804 enim
1046 748 1119 791 cor-2

38 919 40 926 y
116 857 197 918 pus,
223 836 310 916 quod
330 834 391 896 tale
414 834 465 922 vei
486 834 549 896 tale
571 855 611 896 ex
633 844 744 906 natura
765 830 822 910 sit,
861 831 1046 896 inmorbos
1069 851 1121 892 ea·

117 941 213 1016 dere,
239 936 322 1000 etin
345 936 585 1018 corruptiones,
610 935 709 1019 qualis
732 949 786 999 est·
800 937 948 999 naturalis
968 934 1120 998 constitu*

118 1040 190 1116 ti03
220 1061 285 1104 non
308 1051 412 1103 tamen
434 1061 475 1101 ex
496 1039 693 1102 necessitate.
744 1041 885 1103 Possunt
907 1039 987 1102 enim
1008 1037 1121 1101 tollere

118 1146 206 1208 hunc
227 1142 388 1218 ordinem,
420 1154 487 1204 tum
505 1142 703 1218 curationes,
738 1154 804 1205 tum
821 1144 903 1207 a'e'ris
919 1141 1118 1213 mutationes,

119 1259 152 1312 et
173 1248 260 1310 iussa
282 1247 494 1322 medicorum,
530 1257 561 1307 et
583 1247 827 1311 consultationes
850 1247 1005 1310 Deorum.
1052 1245 1121 1306 Eo-

118 1354 191 1414 dem
225 1361 327 1412 autem
361 1352 457 1414 modo
486 1349 518 1412 in
549 1348 648 1418 anima
677 1371 805 1433 quoque
837 1348 978 1412 invenire
1012 1345 1121 1429 aliquis

117 1465 230 1537 potest
249 1465 378 1534 praeter
402 1454 575 1518 neutralem
590 1441 806 1536 apparatum,
846 1453 1024 1517 differentes
1052 1448 1122 1510 fieri

118 1569 154 1622 et
178 1556 319 1620 actiones
349 1568 380 1618 et
408 1555 576 1620 electiones
606 1569 637 1619 et
665 1557 757 1623 vitas.
802 1557 880 1621 Mos
909 1555 990 1618 enim
1018 1552 1122 1617 homi,

118 1683 214 1738 num,
238 1671 273 1722 ut
294 1659 395 1744 inquit
416 1659 616 1736 Heraclitus,
640 1660 729 1723 Deus
753 1672 816 1737 est,
841 1661 903 1723 hoc
925 1669 971 1720 est
987 1659 1121 1724 Natura.

119 1765 226 1844 Quam
248 1763 427 1844 saepissime
449 1763 530 1826 enim
559 1755 754 1826 naturaliter*
770 1761 1064 1845 praeparationibus
1093 1771 1124 1822 et

119 1864 383 1949 dispositionibus
417 1866 555 1930 actiones
590 1877 782 1949 quoquest
810 1865 890 1928 vitas
924 1876 954 1928 et
987 1864 1123 1932 vitarum

119 1969 312 2034 mutationes
335 1969 450 2033 similes
472 1990 540 2032 esse
562 1968 728 2054 contingit.
773 1967 963 2032 Rixatorum
981 1967 1062 2030 enim
1092 1977 1124 2028 et

121 2072 304 2149 audacium,
329 2072 472 2135 violenta
492 2075 644 2156 quaedam
666 2093 752 2134 mors
775 2084 822 2134 est
844 2095 913 2139 cum
935 2072 1124 2153 plurimuma

120 2178 187 2245 hoc
208 2176 289 2238 enirn
312 2188 359 2238 est
376 2177 489 2238 Fatum
512 2186 542 2238 et
554 2187 665 2238 natura
685 2175 845 2257 ipsorum:
883 2174 1123 2256 Intemperantis

121 2292 227 2342 autem
250 2292 282 2342 et
304 2279 518 2361 voluptatibus
544 2276 642 2342 dediti
668 2299 755 2342 mors
784 2292 831 2341 est
862 2278 893 2340 in
921 2278 1125 2341 immoderata

120 2383 378 2465 intemperantia:
402 2381 509 2446 Fortis
526 2396 557 2446 et
570 2370 714 2466 patientis
731 2371 965 2464 mors'propter
978 2379 1124 2442 laborum

123 2485 156 2551 et
180 2508 399 2552 aerumnarum
421 2486 618 2549 tolerantiam
634 2486 776 2558 2¹,Avari
797 2497 828 2547 et
850 2483 968 2547 sordidi
989 2494 1125 2563 propter

121 2591 252 2658 nimium
274 2589 409 2654 studium
431 2601 462 2652 et
484 2589 606 2653 anxiam
628 2610 735 2651 curam
756 2586 804 2650 rei
817 2585 1019 2650 indifferentis
1049 2586 1125 2664 (hoo
1184 2626 1190 2633 η

122 2707 173 2758 est
188 2694 380 2772 divitiarum)
395 2705 461 2754 tum
476 2691 548 2775 quia
562 2690 667 2754 iniusti
678 2701 760 2765 sunt,
778 2702 809 2751 et
823 2711 857 2751 se
871 2689 931 2770 ipsi
945 2686 1121 2772 negligunt,

121 2812 156 2862 et
178 2818 275 2880 supra
296 2797 379 2864 vires
401 2798 559 2860 laborant.
616 2794 727 2873 Quare
752 2795 789 2854 de
822 2793 859 2855 iis
889 2775 992 2858 dicere
1022 2791 1126 2869 soient

123 2905 227 2984 ipsos,
258 2900 318 2964 sibi
355 2898 466 2986 mortis
504 2917 628 2960 causam
660 2895 854 2977 praebuisse.
914 2893 996 2958 Cum
1028 2893 1126 2978 igitur

126 3004 281 3069 eiusmodi
302 3003 342 3066 sit
364 3005 454 3085 quod
474 3001 642 3064 secundum
664 2999 778 3060 Fatum
801 3009 867 3073 est,
902 3019 1003 3080 neque
1027 3009 1125 3061 artem

124 3107 316 3172 vaticinandi
348 3105 486 3168 inutilem
515 3124 583 3192 esse
612 3101 771 3176 dicemus,
810 3121 889 3182 qnae
912 3101 1012 3161 adhuc
1033 3121 1126 3182 prae·

126 3213 213 3276 videt
234 3212 266 3274 id
289 3211 375 3292 quod
396 3206 579 3270 naturaiiter
601 3205 740 3268 luturum
769 3213 834 3277 est,
874 3213 905 3264 et
938 3223 1029 3282 opem
1062 3203 1126 3264 sert

127 3337 224 3398 quum
247 3311 411 3378 consilium
434 3312 502 3385 dat,
542 3323 572 3372 et
601 3307 687 3372 iubet
708 3317 837 3372 naturae
861 3303 1025 3367 deterioris
1048 3317 1125 3366 con·⁴
1201 3311 1205 3318 “

128 3416 284 3482 secutioni
306 3412 488 3477 adversari:
513 3412 587 3494 quin
609 3432 711 3496 neque
733 3420 844 3473 natura
865 3407 1011 3476 fortunae
1033 3399 1141 3470 tolles

126 3535 196 3596 tur,
236 3523 292 3582 sed
323 3518 437 3584 habitu
460 3510 653 3600 miarundam
682 3533 844 3578 causarum
879 3508 1024 3573 coincidit
1055 3501 1149 3572 cum¹

128 3626 165 3690 iis
189 3645 270 3707 quae
292 3623 370 3684 fiunt
393 3642 439 3684 ex
460 3618 644 3701 proposito.
689 3617 797 3680 Multo
819 3615 900 3678 enim
922 3613 1021 3698 magis
1040 3615 1125 3676 Deus

129 3742 161 3793 et
184 3729 250 3790 eius
274 3725 408 3800 auxilia,
448 3735 478 3786 et
507 3733 633 3786 nostrae
655 3741 765 3800 preces
788 3717 1028 3802 adrogationes
1051 3737 1126 3798 pro·

128 3833 238 3916 prium
262 3833 366 3893 locum
397 3829 588 3899 servabunt,
636 3822 705 3885 oitm
734 3821 885 3886 eiusmodi
917 3820 955 3884 sit
983 3819 1127 3900 id-quod

131 3940 221 4001 Fato
243 3935 290 3997 iit.
316 3931 514 3996 ‹Conveniet
548 3929 638 3996 etiam
667 3942 737 3996 euin
765 3924 811 3988 his
834 3925 866 3990 id
888 3927 974 4008 qnod
996 3922 1125 3994 dicium
