2774 4756
1077 409 1137 471 281

222 569 517 663 βουλεύεσθαι
537 571 843 664 βουλευόμεθα
864 583 958 668 περὶ
980 571 1138 653 aveas]

227 680 370 765 Egregia
389 681 468 743 haec
488 680 584 744 lectio
606 692 637 742 et
658 681 907 765 supplementum
929 682 1075 754 lacunae,
1100 679 1140 740 ad

225 785 312 866 qnod
333 783 494 846 emendavi
517 782 694 846 versionem
719 784 845 860 Grotii,
871 785 1002 846 debetur
1025 779 1140 845 Codiei
1187 839 1189 844 ,

226 885 411 949 Havniensi.
464 886 613 970 Sequitur
642 907 709 948 eam
743 899 774 949 et
806 887 979 971 Bagolinus
1013 895 1140 947 vertens

226 987 357 1052 evidens
382 998 450 1069 est,
480 987 519 1052 de
540 987 661 1071 quibus
682 989 940 1068 consultamus,
972 988 1051 1070 plus
1076 987 1141 1048 ali-

231 1087 378 1168 quidex
399 1077 666 1163 consultatione,
686 1097 820 1166 praeter
835 1092 942 1168 ipsam
963 1085 1140 1150 consulta·
1174 1076 1177 1085 ’

224 1187 374 1262 tionem,
394 1184 568 1248 habituros
598 1206 659 1248 nos
681 1187 875 1250 consultare
899 1186 938 1250 de
960 1188 1050 1267 ipsis.
1079 1184 1139 1252 Al-

224 1284 330 1360 dinae,
357 1282 463 1348 Casel.
481 1296 511 1348 et
525 1287 633 1348 Lond.
658 1287 757 1365 ὃῆλον
776 1280 834 1364 ὡς,
858 1288 891 1352 ἐν
913 1281 962 1364 ὁῑς
983 1277 1141 1371 βουλευό-

222 1391 318 1471 μεθα
339 1393 412 1474 περὶ
433 1383 539 1454 ἀυτῶν
567 1385 611 1452 ἐπ’
640 1383 723 1454 cintii
746 1385 784 1454 τό
804 1384 1034 1474 βουλεύεσθαι.
1051 1413 1140 1480 nepe·

220 1489 345 1574 γίνεται
360 1493 472 1570 πλέον,
494 1486 595 1578 ἢπερὶ
614 1491 676 1555 τῶν
691 1487 798 1557 ἄλλων
811 1493 1060 1585 βουλευομένοις
1074 1503 1138 1553 etc.
1217 1527 1225 1540 =

222 1592 333 1660 ceteris
358 1593 498 1656 omissis:
533 1595 620 1677 quod
642 1593 873 1656 Schulthessius
896 1595 941 1658 sic
964 1593 1137 1677 expressit:

222 1715 261 1756 so
283 1697 325 1757 ist
344 1697 441 1775 alar,
477 1693 553 1758 dass
577 1715 636 1758 uris
661 1695 723 1781 bey
751 1695 854 1760 denen
873 1697 1028 1780 Dmgen,
1060 1718 1143 1760 wor-

226 1792 307 1856 tiber
330 1797 389 1856 wir
415 1794 735 1875 Beratlisclilagung
755 1797 940 1874 anstellen,
969 1807 1141 1878 grasserer

227 1891 387 1963 Vortheilt
401 1895 591 1971 zuwttcitst,
612 1895 665 1956 als
689 1914 779 1956 wenn
803 1897 862 1956 wir
883 1916 944 1956 uns
965 1895 1045 1958 uber
1059 1900 1141 1972 jene

227 1991 471 2056 vorerntttmten
485 1992 593 2074 Dinge
606 1991 887 2074 beratlisehlagen
900 1995 1040 2058 werden.
1062 1992 1134 2073 (0.)

137 2128 191 2208 40)
220 2121 271 2192 ἐπ’
312 2121 415 2194 ἆυτό
457 2124 502 2193 τό
550 2123 840 2214 βουλεύεσθαι
875 2131 1140 2222 περιγίνεται

220 2233 360 2309 uliae,
385 2225 405 2311 ἢ
426 2236 519 2322 περὶ
539 2233 615 2298 τῶν
636 2229 1138 2321 ἰέλλωνβουλευομὲνοις]

220 2335 317 2418 Lego
343 2335 410 2400 ἐπεὶ
437 2329 520 2400 niceti
549 2330 588 2398 τό
619 2329 845 2419 βουλεύεσθαι
877 2347 940 2398 etc.
974 2339 1138 2420 quomodo

220 2434 335 2520 legisse
357 2436 482 2499 videtur
504 2447 534 2499 et
556 2437 729 2522 Bagoh'nus
753 2450 880 2501 vertens
906 2460 988 2502 nam
1007 2450 1040 2502 et
1059 2459 1138 2502 can·
1241 2471 1244 2478 ⁴

219 2541 338 2602 silium
364 2538 589 2620 adipiscimur
613 2541 718 2602 etiam
739 2538 778 2603 de
802 2540 884 2602 aliis
908 2541 1137 2602 consultantes

219 2633 303 2706 ἆυτό
317 2638 339 2701 i.
357 2661 390 2723 q.
405 2633 509 2726 μόνον
529 2649 565 2700 ut
587 2638 731 2720 saepius·
766 2639 835 2704 Pro
849 2641 947 2704 πλέον
962 2641 1013 2700 ed.
1026 2639 1135 2701 Lond.

218 2743 314 2805 hahet
349 2745 447 2807 πλέον
474 2737 495 2823 ἢ
526 2753 562 2804 ut
593 2743 784 2824 respondeat
813 2739 942 2805 lectioni
976 2752 1136 2823 receptae.

161 2894 166 2906 .
220 2845 307 2907 Vide
328 2845 446 2908 Notam
468 2847 720 2927 praecedentem.
758 2845 832 2925 (Ο.)
874 2843 959 2908 Mihi
980 2855 1065 2907 totus
1087 2843 1141 2906 Ιο-

181 2985 184 2994 =
220 2967 276 3008 aus
291 2945 333 3008 ita
348 2948 582 3010 constituendus
597 2947 740 3011 videtur:
772 2947 872 3026 δῆλον
887 2942 930 3022 ὡς
944 2947 977 3011 ἐν
992 2940 1042 3022 tte
1055 2947 1136 3030 siav-

220 3044 389 3134 λουόμεθα
417 3053 569 3117 πλέοντι
597 3049 719 3130 ἕξοντες
746 3050 781 3114 ἐκ
811 3049 872 3114 τοῦ
899 3043 1135 3134 βουλεύεσθαι,

40 3209 46 3224 .
124 3217 125 3220 ,
219 3147 312 3240 παρὰ
333 3151 392 3216 τοῦ
419 3147 646 3235 βουλεύεσθαι
673 3156 747 3241 περὶ
776 3146 884 3217 ἀυτῶν
911 3146 955 3216 ἐπ’
987 3145 1069 3216 ἆυτὸ
1097 3147 1137 3214 τό

217 3246 442 3339 βουλεύεσθαι
463 3256 661 3343 περιγίνεται
681 3257 789 3320 πλέον.
830 3255 868 3317 In
891 3252 1002 3335 quibus
1018 3272 1136 3335 sequor

222 3354 307 3419 cod.
331 3356 438 3418 Havn.
466 3357 612 3436 pmittens
641 3359 857 3422 tantumodo
895 3356 1027 3417 alterum
1056 3356 1141 3438 βου-Ι

220 3453 408 3545 λευόμεθα,
431 3460 518 3540 quod
538 3473 613 3540 post
634 3462 776 3524 lacunam
798 3440 955 3540 eupletam
969 3478 1137 3538 perperam

220 3561 279 3626 tuit
300 3559 480 3642 repetitum.
524 3559 750 3640 Manifestum
772 3572 821 3628 est
846 3558 941 3624 nobis
967 3561 1000 3622 in
1025 3561 1066 3620 iis
1087 3581 1136 3623 re-

223 3664 304 3738 bas,
325 3663 364 3727 de
389 3661 509 3745 quibus
530 3682 570 3724 eo
586 3660 660 3736 stne
678 3661 919 3738 deliberamus,
942 3667 979 3720 ut
1003 3657 1136 3720 utilitas

221 3763 345 3844 aliqua
368 3760 442 3826 inde
467 3758 562 3823 nobis
595 3759 772 3833 redundet,
806 3759 849 3820 als
882 3761 947 3820 ista
975 3755 1137 3820 delibera·

221 3863 311 3926 tione
333 3860 496 3924 accedere
518 3855 691 3937 adipsum
711 3857 983 3920 deliberationem
1008 3855 1082 3935 (per
1100 3873 1134 3916 se

223 3959 390 4038 inutilem)
410 3961 574 4026 maiorem
599 3957 770 4040 quandam
794 3955 994 4033 utilitatem,
1027 3971 1132 4038 quam
