2758 4760
109 450 113 460 ·
182 422 288 490 0166

228 596 340 681 τάξιν,
363 589 438 663 ὀότε
458 589 534 670 τοὺς
555 588 660 711 θεοὺς
679 586 813 710 ἐόλογον
833 587 855 671 ἢ
876 587 1005 677 άγνοεῖν
1022 579 1105 678 άπερ
1129 579 1239 676 παρά

138 771 140 778 ,
229 725 361 790 γουσιν,
395 695 416 781 6
442 685 485 774 όίς
506 719 599 772 τινας
620 688 846 786 άιμερεπόνους
870 695 1102 783 κατολιγωρείν
1126 691 1185 772 τῆς
1205 713 1240 755 τε

229 801 376 894 γνώσεως
401 798 509 868 άυτῶν
533 804 589 866 καί
611 799 669 879 τῆς
689 791 944 884 διακοσμήσεως.
999 792 1046 861 Τὸ
1067 792 1132 888 γάρ
1157 790 1241 860 660-

232 903 413 997 λαμβάνειν
441 897 486 980 ὡς
517 896 641 1023 ἐργώδη
671 925 706 966 τε
739 925 795 966 και
825 895 968 986 ἄσχολον
995 899 1151 985 ποιοῦμεν
1182 893 1242 962 τὸν

231 1015 296 1078 τῶν
316 1008 409 1094 θεῶν
427 1006 519 1093 βίον,
540 1001 639 1071 καλ”
616 1027 757 1095 αμοιρον
776 1003 834 1085 τῆς
858 1007 928 1082 τοῖς
948 1007 1047 1080 θεοῖς
1060 994 1243 1093 προςηκοό

232 1137 291 1196 οης
320 1111 485 1204 ἔμφρονος
517 1101 705 1197 ῥαστώνης
707 1110 779 1188 ¹,a)
816 1109 1049 1227 ἐπιμελεῖσθαι
1073 1107 1137 1172 τόν
1155 1100 1243 1171 κατά

231 1221 331 1308 μέρος
353 1209 474 1290 άυτοός
495 1205 758 1305 ἀποφαινόμενοι
771 1208 822 1292 ²),
842 1207 889 1298 μὴ
903 1203 1154 1299 συνεαρακότων
1172 1209 1242 1275 ἐστὶ

223 1318 292 1401 ,τὴν
309 1313 471 1438 ὑπεροχὴν
492 1316 550 1396 τὴς
573 1314 637 1382 τῶν
658 1313 749 1381 θεῶν
770 1308 916 1436 γνάσερίς
941 1337 975 1380 τε
997 1319 1053 1379 καὶ
1075 1308 1244 1399 δυνάμεως

231 1419 315 1512 πρὸς
349 1417 410 1500 τὴν
444 1412 626 1509 ἡμετέραν,
677 1423 734 1483 καὶ
769 1413 826 1484 606
854 1413 914 1498 τὴν
947 1414 1086 1537 άχνοιαν
1118 1411 1244 1498 ταύτην

231 1517 453 1608 ’άξιοόντων
437 1545 472 1586 εκ
503 1522 568 1586 τόν
577 1515 725 1610 περὶὴ
704 1521 819 1608 ημάς
831 1517 874 1586 τά
906 1517 995 1587 κατά
1027 1516 1105 1598 τοός
1136 1517 1244 1598 θεοὺς

232 1626 489 1714 σταθμᾶσθαι,
512 1628 568 1690 καί
584 1619 644 1704 τὴν
661 1618 821 1710 ἡμετέραν
840 1618 1022 1691 ἀσθένειαν
1039 1618 1121 1689 ἐπΗ
1105 1623 1246 1702 εκείνους

133 1726 135 1730 ’
232 1732 449 1822 μεταφέρειν·
486 1721 529 1804 ὡς
557 1727 617 1792 τοῦ
642 1733 702 1813 μέν
730 1728 893 1812 βασιλέως
909 1722 1004 1808 ἡλίου
1025 1725 1084 1810 ²0)
1109 1719 1245 1795 όίπαντα

200 1863 204 1893 ,·
230 1825 305 1921 ’ἅμα
326 1828 371 1898 τά
389 1833 423 1898 έν
439 1831 486 1922 τῷ
505 1825 618 1921 κόσμῳ
644 1824 872 1917 καταλάμπειν
893 1832 1075 1918 δυναμένου
1096 1828 1194 1913 (πλὴν
1216 1834 1246 1899 ἐι

232 1930 279 2025 μή
296 1956 384 2003 τισιν
402 1925 663 2026 άνταμράττοιτό
685 1934 715 2013 5)
735 1936 816 2000 ποτέ
828 1957 905 1999 τινα
923 1935 987 2000 τῶν
1007 1931 1053 2022 μὴ
1072 1937 1247 2025 διαφανῶν

235 2035 324 2106 ἀλλά
345 2037 482 2128 στερεῶν
503 2030 682 2124 σωμάτων)
704 2036 763 2117 τῆς
781 2032 858 2102 δὲ’
838 2032 1017 2125 ασυμάτου
1038 2043 1094 2105 καί
1118 2033 1246 2106 παντά-

235 2167 337 2210 πασιν
355 2135 460 2209 άόλου
478 2140 542 2206 τῶν
559 2138 652 2206 θεῶν
669 2133 838 2260 δυνάμεως
854 2164 893 2207 οο
881 2135 1132 2262 δυναμένης’
1112 2163 1247 2234 σπαρα-

233 2246 396 2323 ποδίστοις
427 2267 462 2311 τε
494 2248 550 2310 και
578 2236 761 2333 άθρόιος’
746 2233 872 2313 άπασιν
899 2233 972 2331 άμα
994 2249 1148 2335 παρεῖναι
1175 2249 1248 2324 τοῖς

234 2345 346 2429 ὀῢσιν,
368 2342 536 2424 οὐδενὸς
517 2340 750 2439 αντιφράττειν
770 2340 853 2440 ἆυτη
838 2347 1066 2435 δυναμένου,
1087 2344 1229 2431 πλὴν
1187 2373 1248 2431 της

234 2446 394 2542 ἡμετέρας
409 2443 714 2531 ἆνεπιτηδειότητος
730 2451 797 2532 ³a)·
819 2417 896 2516 6666
907 2446 982 2518 τότε
997 2447 1066 2518 κατ’
1076 2446 1249 2534 άλὴθειαν

235 2557 294 2639 τὴς
322 2554 570 2647 προνοίαςτῶν
601 2552 692 2620 θεῶν
722 2549 1048 2644 παραποδιζομένης,
1092 2551 1131 2622 06
1162 2552 1248 2647 πρὸς

235 2657 295 2742 τὴν
324 2657 444 2746 γνῶσιν
464 2656 529 2722 τῶν
556 2650 638 2722 καθ’
665 2647 773 2745 ἡμᾶς’,
807 2651 938 2748 ἢπρὸς
956 2653 1017 2739 τὴν
1042 2653 1248 2744 ἐπιμέλειαν,

237 2759 324 2830 άλλά
342 2758 434 2848 ἡμῶν
451 2754 559 2826 άυτῶν
575 2755 793 2850 παραπλήσια
811 2754 1005 2847 πασχόντων
1026 2765 1097 2840 τοῖς
1117 2756 1183 2830 όπό
1205 2759 1246 2830 τό

237 2861 367 2960 φῶςτὸ
386 2858 523 2945 ἡλιακὸν
543 2858 785 2944 καθεύδουσιν,
817 2858 839 2946 6
856 2867 912 2930 καί
933 2859 1083 2951 μύουσιν.
1104 2855 1250 2959 ,Ὥςπερ

238 2967 302 3092 γάρ
332 2969 447 3034 ἐκεῖνοι
471 2967 530 3049 τῆς
543 2974 615 3054 ,μὲν
638 2962 851 3057 θερμότητος
875 2967 934 3050 τῆς
962 2963 1029 3036 άπὸ
1062 2969 1122 3035 τοῦ
1151 2965 1248 3051 ἡλίου

239 3076 310 3150 τοῖς
326 3071 400 3166 τῇδε
422 3065 643 3162 παρεχομένης
659 3065 880 3191 τυγχάνουσι,
908 3071 967 3154 τῆς
988 3073 1024 3140 δὲ
1046 3075 1249 3166 φωτιστικὴς

241 3172 345 3243 άυτοῦ
370 3170 568 3260 δονάμεας’
553 3171 691 3252 εαυτοός
715 3169 936 3264 ἀποστεροῦσι
962 3172 1020 3242 διά
1041 3173 1101 3258 τὴν
1125 3173 1251 3246 οἰκείαν

240 3274 384 3370 άίρεσιν,
415 3273 502 3344 ἀλλά
527 3273 565 3343 06
590 3259 647 3344 δίά
667 3301 742 3345 τινα
770 3277 830 3342 τοῦ
856 3278 943 3366 θεοῦ
969 3279 1066 3365 μῆνιν
1089 3276 1252 3348 ἀναπόλ-

242 3376 402 3460 λοντος
382 3407 430 3448 απ
462 3376 586 3448 άυτῶν
599 3375 659 3458 τάς
683 3376 805 3458 οικείας
833 3373 988 3462 ἀκτῖνας,
1029 3377 1115 3449 όότω
1137 3389 1193 3450 καί
1218 3388 1254 3451 οί

241 3480 300 3552 διά
316 3508 397 3552 τινα
405 3486 598 3565 κακοζιιῖαν
619 3481 740 3564 ἔξω
700 3507 758 3564 της
778 3482 936 3606 προνοίας
954 3485 1018 3550 τῶν
1038 3483 1130 3554 θεῶν
1156 3482 1253 3574 λεγό-

240 3611 333 3677 μενοι
360 3586 509 3667 πίπτειν,
545 3582 584 3652 06
615 3582 825 3707 πρυτάπασίν
850 3584 979 3656 ἐισιν’
960 3589 1061 3670 αυτὴς
1088 3588 1156 3708 έξμ.
1204 3581 1253 3659 Οὐ

241 3688 317 3814 γάρ
329 3686 370 3756 ἰόν
388 3684 518 3774 γένοιτό
539 3713 605 3769 τις,
635 3680 713 3782 ὅπερ
736 3697 838 3783 φησὶν
859 3685 878 3756 ὁ
901 3688 1129 3771 Αθηναῖοςὲ
1099 3717 1188 3774 ενος
1209 3687 1253 3777 ⁴),
1301 3717 1303 3727 ¹

236 3817 261 3877 η
280 3818 366 3860 ουτοι
395 3788 552 3912 σμικρὸς,
581 3781 658 3870 όίςτε
680 3791 824 3873 καταδὺς
845 3796 890 3873 έις
911 3792 951 3860 τὸ
971 3791 1088 3922 βάθος
1110 3797 1169 3916 τὴς
1189 3799 1254 3884 γῆς

243 3901 366 3964 λαθεῖν
388 3891 446 3975 τὴν
469 3885 618 3961 ἅπαντα
629 3902 685 3962 καί
709 3893 753 3962 τά
779 3892 985 3989 σμικρότατα
1008 3895 1254 3967 έποπτεόουσοιν

194 4027 198 4036 ·
234 3995 439 4089 πρόνοιαν,
436 3987 568 4064 0666‘
553 3995 638 4066 0606
658 3994 763 4087 μέγας
783 4003 829 4082 ⁵),
866 3993 986 4079 όίςτε’
969 4005 1172 4128 υπερπτὴναι
1193 4001 1254 4071 τὸν
