2728 4758
1004 385 1006 391 ’
1038 417 1099 482 nn

57 619 61 626 ⁴
104 593 185 662 enirn
203 601 320 658 temere
337 591 381 656 ita
401 589 552 658 sciverint
571 591 810 671 resrhutnanast
835 607 871 682 ut
883 597 923 660 ab
942 593 1099 674 iisdispo-

103 696 235 764 nentur:
259 696 285 760 si
304 697 429 781 qtridem
452 699 539 762 aclas
558 711 606 763 est
629 714 664 763 et
680 721 719 764 ne
740 701 811 765 fieri
831 703 956 786 quidem
973 715 1097 784 potest,

103 816 138 865 nt
158 802 248 867 Diia
265 803 360 864 rebus
381 801 540 883 inferioris
560 803 747 869 conditionis
768 827 806 878 ac
830 825 911 896 quac
929 829 995 871 non
1015 818 1098 884 sunt,

103 906 324 988 disponantur.
383 905 495 985 Quare
520 906 576 970 vix
597 908 759 971 evitabunt
784 909 838 993 qui
863 911 951 973 Deos
978 910 1102 993 quidem

104 1031 174 1072 esse
192 1021 320 1092 putant,
345 1011 400 1071 sed
424 1010 550 1074 illorum
573 1010 656 1074 eirca
682 1003 734 1074 res
755 1011 903 1075 humanas
929 1015 1101 1094 providen-

102 1115 177 1178 tiam
200 1136 236 1178 ac
263 1105 421 1188 decretum
446 1114 583 1190 tollunt,
622 1115 696 1198 quin
720 1113 848 1178 illorum
874 1116 964 1178 simul
989 1118 1102 1202 cogni*

101 1219 222 1282 tionem
249 1220 287 1280 de
315 1221 410 1282 rebus
444 1216 587 1280 humanis
623 1218 747 1282 tollant.
804 1217 964 1298 Quoniam
1002 1235 1103 1304 neque

102 1333 303 1410 cognoscunt
327 1323 392 1396 ita,
428 1333 465 1383 nt
491 1320 544 1404 qui
568 1320 742 1386 nobiliores
769 1333 858 1397 sunt,
896 1322 1103 1403 disponantur
1145 1351 1149 1356 ·

103 1427 243 1489 arabus
267 1424 529 1511 ignobilioribus,-
567 1444 670 1507 neque
694 1425 739 1490 ita
764 1435 798 1488 ut
828 1423 994 1506 disponant
1026 1445 1101 1502 eas,

101 1529 158 1612 qui
189 1549 231 1592 ne
258 1549 368 1592 causae
388 1530 519 1612 'quidem
544 1527 667 1591 illarum
693 1531 864 1592 'secundum
893 1521 981 1611 ipsos
1018 1541 1101 1592 sunu
1170 1593 1173 1596 .

102 1633 224 1712 (Debet
257 1633 337 1696 enirn
370 1647 462 1703 omne·
495 1635 582 1716 qnod
611 1631 777 1716 cognoscit
806 1633 858 1695 vel
890 1653 949 1713 per
977 1635 1103 1697 modurn

103 1736 260 1810 causalem
286 1747 381 1820 atque
408 1735 625 1820 disponendo,
664 1735 716 1797 vel
736 1755 796 1817 per
816 1735 1101 1817 participationem,

101 1851 135 1902 et
159 1851 207 1901 »ut
229 1839 452 1922 disponantur,
490 1858 702 1924 cognoscere.
768 1839 811 1902 Et
842 1839 989 1921 qnoniam
1015 1839 1105 1902 aliter
1154 1899 1158 1906 .

104 1942 190 2006 nulla
220 1954 426 2024 potestesse
455 1942 616 2027 cognitio,
666 1940 724 2006 nisi
758 1943 907 2024 quaedam
940 1941 1022 2005 inter
1048 1963 1104 2004 co-

95 2039 310 2132 ignoscentem
343 2058 374 2108 et
406 2055 472 2109 rem
500 2044 658 2129 cognitam
692 2042 732 2106 sit
758 2045 965 2122 communio.)
1013 2043 1104 2124 'Quin

96 2150 131 2212 si
159 2147 218 2212 Dii
247 2161 351 2212 assant
376 2149 504 2214 omnino
533 2169 642 2211 causae
668 2166 773 2210 rernm
803 2169 884 2230 quae
912 2147 964 2211 hic
989 2163 1106 2230 gerun-

101 2265 175 2327 tur,
201 2273 303 2336 neque
324 2264 426 2315 tamen
449 2273 491 2314 ex
512 2251 694 2315 necessitate
713 2261 765 2313 aut
788 2250 913 2314 definite
935 2251 1103 2325 efficerent,

89 2374 321 2438 quaecunque
335 2354 525 2430 effecerint3
572 2371 611 2418 ne
644 2354 689 2416 s'ic
722 2352 847 2436 quidem
878 2353 995 2416 scirent
1027 2347 1106 2436 qutie¹

24 2516 30 2522 .
103 2459 168 2530 sint
194 2458 361 2542 aliquando
383 2455 516 2533 facturi,
547 2477 618 2518 curn
641 2467 706 2519 'non
733 2457 913 2518 necessario
938 2477 979 2518 ex
1005 2468 1107 2518 aeter·-

103 2557 203 2624 nit'ate
220 2559 340 2623 fuerint
369 2581 405 2623 ac
429 2559 645 2623 determinate·
659 2561 698 2621 ad
720 2561 826 2622 eadem
848 2557 984 2640 impulsi.
1045 2555 1108 2621 Sed

97 2675 139 2725 et
160 2662 353 2726 norunt-Dii
376 2663 482 2726 sutura
507 2675 538 2726 et
562 2663 741 2724 hominibus
755 2693 767 2739 ,·
803 2654 1039 2746 quibuscunque
1076 2671 1108 2722 ct

102 2765 137 2830 in
164 2778 313 2850 quantum
342 2766 517 2841 voluerint,
553 2765 819 2849 praesignificans.
852 2765 942 2829 'Into
967 2764 1105 2838 suerunt

105 2859 163 2951 qui
189 2862 295 2930 edocti
326 2867 401 2930 licet
424 2868 598 2930 defuturis
624 2871 742 2943 rebus,
782 2888 892 2931 eorum
920 2888 1000 2949 quae
1018 2867 1108 2931 -Fato

103 2982 199 3033 erant
221 2968 409 3044 constituta,
447 2990 486 3032 ne
510 2968 563 3032 illa
585 2968 709 3051 quidem
735 2969 876 3051 effugere
905 2979 998 3050 atque
1022 2979 1107 3033 amnt

99 3073 157 3138 liri
176 3084 371 3154 potuerunt,
412 3091 505 3156 quae·
521 3083 556 3134 ut
583 3073 782 3155 effingerent,
821 3053 951 3152 operam
980 3073 1107 3133 dabant:

105 3175 176 3242 Alii
199 3174 250 3236 vel
278 3195 315 3236 ea
341 3177 379 3238 de
404 3197 496 3238 eausa
519 3173 550 3236 in
573 3197 662 3238 snum
688 3173 825 3236 incidere
852 3173 984 3247 Fatum,
1023 3175 1110 3256 quod

104 3278 141 3344 id
159 3274 448 3359 praedidicissent,·
467 3290 498 3340 et
515 3279 657 3363 effugere
676 3276 781 3340 conati
801 3287 919 3350 essent,
945 3287 980 3336 ut
996 3279 1032 3337 et,
1047 3276 1111 3340 hoe

106 3380 169 3444 illis
192 3379 306 3441 Fatum
328 3375 425 3446 fuisse
448 3398 575 3442 necesse
597 3379 665 3443 sit.·
701 3379 796 3441 Nulla
813 3377 949 3460 proinde
965 3377 1109 3440 liberatid

107 3495 157 3547 est
186 3492 239 3544 aut
261 3479 430 3544 declinatio
453 3490 585 3557 eorum,
624 3479 824 3565 quassemel
844 3501 861 3542 a
883 3481 964 3544 Iove
987 3483 1111 3546 decreta

107 3597 183 3652 sunt
205 3595 237 3647 et
259 3569 341 3648 saal
364 3581 495 3666 irrigata.
1102 3595 1105 3602 ·

178 3689 241 3751 Sed
267 3687 381 3751 dixerit
404 3686 490 3770 quis,
516 3685 542 3749 si
567 3688 669 3750 omnia
694 3686 828 3750 definita·
845 3697 949 3749 essent
974 3679 1111 3766 nihilque

112 3811 228 3874 expers
258 3803 340 3853 esset
368 3787 560 3852 necessitatis
591 3809 719 3864 eorum,
751 3803 831 3871 qnae
853 3801 924 3852 sunt
947 3797 998 3850 atu
1019 3788 1108 3858 liunt,

112 3906 299 3977 sequeretur
329 3907 359 3955 et
391 3912 431 3955 ex
455 3895 590 3956 humano
621 3901 736 3976 genere
766 3891 940 3954 libertatem
968 3890 1111 3956 exsulare

112 4009 144 4064 et
161 3996 308 4074 iustitiam
331 4018 370 4058 ex
393 3995 474 4060 Diis.
505 3994 603 4061 *Cum
621 3994 768 4068 homiues·
790 3993 914 4076 quidem
937 4016 976 4054 ex
1005 4013 1112 4054 neces·
