2758 4760
1059 343 1118 408 lu

462 527 466 536 «
538 480 691 578 xxxv.

177 619 241 682 Sed
263 639 303 680 ne
328 614 412 681 illam
437 615 560 698 quidem
595 617 897 700 argumentationem
921 618 1117 694 omittamus,

115 745 175 805 qua
196 722 243 784 illi
264 720 378 784 confisi
406 718 524 802 aliquid
555 739 589 781 se
618 721 705 801 quod
735 723 773 782 ad
800 743 867 782 rem
895 721 935 784 sit
965 723 1123 786 conficere

115 847 210 908 posse
234 823 424 887 existimant.
469 820 523 890 Sic
555 821 636 886 enim
670 821 772 885 aiunt:
812 825 888 890 Non
916 836 1023 906 potest
1056 847 1124 888 esse

114 928 329 1004 uternam,
365 925 440 1009 quin
464 924 506 987 sit
529 923 622 986 etiam
639 923 830 1001 Decretum,
868 949 926 990 nec
947 928 1121 992 Decretum

115 1031 174 1094 nisi
188 1042 221 1093 et
240 1051 334 1106 sors,
358 1049 418 1092 nec
435 1048 526 1103 sors,
551 1026 611 1090 nisi
625 1039 656 1088 et
673 1029 768 1092 sortis
787 1029 986 1105 distributio,
1012 1054 1071 1094 nec
1089 1055 1126 1098 ea

114 1133 175 1204 nisi
200 1133 292 1196 etiam
313 1132 355 1196 sit
382 1134 457 1207 lex,
495 1149 555 1194 nec
582 1130 636 1193 lex
662 1130 721 1194 nisi
748 1130 788 1194 sit
820 1145 906 1195 recta
936 1135 1018 1199 ratio
1043 1157 1125 1218 quae

113 1236 288 1320 praecipiat
316 1257 397 1319 quae
426 1245 498 1296 sunt
525 1233 687 1310 facienda,
732 1235 901 1325 prohibeat
934 1257 1012 1300 vero
1043 1261 1123 1320 quae

113 1339 356 1406 nonfacienda.
401 1337 464 1400 Sed
488 1336 699 1420 prohibentur
720 1338 851 1414 delicta,
889 1338 1127 1420 praecipiuntur

114 1455 203 1506 recte
224 1443 321 1508 facta.
365 1442 441 1505 Non
455 1425 553 1533 igitur
571 1451 619 1502 est
637 1441 699 1504 tale
714 1439 847 1516 Fatum,
870 1441 930 1506 nisi
953 1441 1045 1518 etiam
1066 1443 1128 1508 siut

113 1557 294 1630 peccatatet
310 1556 397 1608 recte
415 1545 517 1625 sacta,·
534 1544 591 1612 sed
606 1542 633 1606 si
650 1542 711 1630 sint
728 1556 858 1625 peecata
872 1557 911 1608 et
928 1557 1022 1633 recte
1041 1546 1126 1610 facta

113 1649 275 1734 sequntur,
307 1668 375 1710 esse
397 1646 565 1722 virtutem,
601 1667 671 1710 esse
689 1645 820 1738 uitium,
853 1650 941 1732 quod
968 1648 996 1714 si
1021 1649 1148 1722 virtius,

116 1765 164 1818 est
190 1764 222 1815 et
253 1750 382 1828 vitium,
422 1762 469 1812 est
501 1749 618 1833 aliquid
644 1750 837 1828 honestum,
872 1751 990 1834 aliquid
1015 1764 1124 1835 turpe.

11 1875 13 1894 ¹
117 1857 218 1938 Quod
239 1867 344 1924 autem
365 1856 554 1930 honestum,
578 1853 751 1918 laudabile:
787 1856 874 1936 quod
898 1867 1016 1938 turpe,
1040 1856 1126 1920 vitu-

115 1960 272 2043 perabile.
316 1959 393 2022 Nou
418 1978 498 2041 ergo
522 1956 664 2039 sequitur
693 1956 719 2019 si
740 1957 802 2020 tale
820 1957 867 2020 ‘sit
893 1959 1026 2035 Fatum,
1052 1958 1130 2024 nihil
1237 2039 1242 2046 Ι

117 2085 189 2130 esse
204 2061 362 2126 laudabile
382 2072 435 2124 aut
457 2059 679 2140 vituperabile.
723 2059 826 2142 Atqui
846 2061 1014 2124 laudabilia
1033 2061 1128 2146 digna

34 2159 38 2164 ⁸
117 2163 284 2250 praemio,
308 2162 530 2246 vituperabilia
552 2161 709 2244 supplicio
732 2162 846 2251 digna:
882 2164 989 2245 Quare
1003 2186 1129 2228 rursum

117 2291 186 2334 non
208 2267 372 2351 sequntur,
411 2267 439 2330 si
463 2267 525 2330 tale
547 2267 662 2328 Fatum
688 2264 747 2342 sit,
781 2267 866 2330 nulla
893 2267 965 2334 fore
990 2267 1130 2349 praemia

119 2365 174 2436 aut
202 2371 370 2455 supplicia.
428 2370 474 2436 As
503 2381 550 2430 est
574 2369 746 2450 praemium
777 2371 910 2435 honoris
945 2371 1128 2447 attributio,

118 2497 227 2559 poena
248 2495 327 2538 vero
350 2471 538 2536 emendatio.
597 2473 675 2542 Non
695 2493 776 2556 ergo
805 2474 947 2555 sequitur
968 2475 996 2536 si
1018 2475 1133 2537 Fatum

120 2580 163 2644 sit
184 2579 267 2654 tale,
291 2578 408 2642 nullam
424 2576 502 2648 'fore
523 2575 655 2640 honoris
689 2575 926 2640 attributionem
953 2577 1132 2661 nullamque
1167 2571 1168 2574 ¹

121 2680 385 2754 emendationem.
404 2679 618 2761 Quodsihaee
629 2678 673 2741 ita
684 2700 718 2773 se
732 2681 862 2756 habeut,
878 2679 951 2744 hinc
963 2680 1129 2762 consequi·

121 2799 187 2862 tur,
212 2785 271 2848 etsi
289 2785 371 2852 Fato
386 2783 463 2846 fiant
485 2803 564 2866 quae
587 2782 688 2859 liunt,
713 2803 781 2846 esse
796 2794 898 2845 tamen
920 2795 1007 2846 recte
1026 2784 1129 2860 lacta,
1231 2817 1232 2822 1

123 2909 195 2959 esse
212 2887 435 2964 delicta,‘esse
445 2887 553 2951 laudes
573 2897 605 2948 et
620 2885 887 2968 temperationes,
912 2907 980 2950 esse
994 2887 1134 2969 praemia

123 3004 157 3056 et
174 3013 307 3077 poenas,
332 3011 401 3072 esse
419 2991 584 3054 honorum'
596 2987 815 3052 attributiones
832 3001 864 3051 et
889 2991 1135 3056 emendationes.

549 3197 721 3261 XXXVI.

122 3347 125 3352 -
194 3303 241 3366 At
259 3302 341 3366 euim
362 3300 394 3372 ¹si
415 3301 474 3364 ista
496 3300 601 3365 dicere
625 3322 642 3362 a
665 3302 759 3365 rebus
783 3299 1054 3366 circumstantibus
1079 3319 1134 3364 eo·

62 3456 63 3461 η
124 3419 262 3493 guntur,
287 3403 373 3490 digni
391 3415 464 3467 sunt
481 3403 594 3486 quibus
611 3404 815 3488 ignoscatur:
839 3407 941 3486 n‘eque
960 3425 1018 3465 nos
1036 3423 1135 3484 opor-

124 3521 176 3574 tet
198 3509 352 3574 sollicitos
372 3528 439 3570 esse
464 3509 502 3570 de
522 3505 559 3570 iis
578 3529 657 3588 quae
679 3507 725 3569 illi
744 3528 784 3569 ex
803 3507 985 3572 necessitate
1008 3505 1134 3580 dicunt,
1166 3523 1168 3528 ·

105 3633 235 3696 ‘neque
256 3612 328 3674 illos
363 3613 400 3672 de
424 3611 461 3676 iis
487 3610 541 3695 qui
563 3611 601 3672 ab
623 3610 699 3691 ipsis
722 3610 917 3685 dissentanea
946 3610 1134 3682 defenduut,
1241 3643 1244 3650 =

132 3713 386 3799 quandoquidem
411 3725 442 3778 et
470 3735 576 3777 earum
595 3733 674 3794 quae
697 3711 824 3789 dicunt,
868 3726 899 3776 et
925 3731 1138 3794 eorumquae

11 3827 13 3880 J
107 3819 290 3892 sentiunt,
325 3837 419 3880 eausa
446 3829 494 3883 est
526 3817 580 3879 vis.
599 3835 713 3884 ¹remim
752 3816 1039 3880 circumstantium:
1078 3835 1135 3878 nee

134 3919 300 3986 aceirsaudi
323 3931 394 3984 sunt
423 3920 476 4002 qui
494 3919 540 3984 sie
562 3917 685 3990 veleie
712 3919 903 4001 loquuntur,
940 3941 1011 3982 cum
1031 3930 1067 3980 ut
1089 3901 1136 3984 sie
