2774 4756
1093 392 1186 492 stt]
1292 383 1297 404 '

151 575 206 655 11)
232 573 530 660 Μαγόνσαῐοι]
563 573 650 638 Idem
676 573 790 657 repetit
812 574 919 657 paullo
940 567 1091 651 inferius,
1117 597 1154 639 ac
1214 649 1217 670 Ι

235 678 350 742 diserte
374 677 568 764 Magnsaeos
599 677 672 742 illos
700 678 816 742 Persas
852 677 950 742 luisse
977 681 1080 742 'docet
1111 679 1152 741 B.

236 782 432 868 Epiphanius
449 800 526 866 pag.
548 779 642 844 1091.
669 799 755 844 num.
780 783 832 844 12.
856 781 939 846 inter
955 781 1155 846 Persicorum

237 897 394 951 sectarsnn
414 880 578 982 ἀρχηγοὺς
599 885 726 948 eosdem
746 898 911 962 numerat,
945 897 975 949 et
997 901 1082 950 num.
1102 887 1154 950 13.

239 989 405 1074 repudiato
427 999 625 1052 caeterorum
652 985 812 1052 idolorum
843 990 930 1052 cultu
958 990 1066 1054 Solem
1088 1000 1157 1052 tan-

238 1105 327 1170 tum,
365 1093 490 1156 Lunam
515 1091 690 1175 Ignemqne
720 1091 868 1154 venerari
892 1092 1012 1156 scribit.
1069 1091 1157 1158 Cave

238 1195 413 1260 confundas
425 1215 496 1256 cum
511 1192 708 1278 Magusaeis,
732 1215 788 1256 seu
803 1195 988 1279 Magnsaois
1005 1198 1157 1261 Petraeae

132 1288 135 1298 ’
241 1309 279 1364 a'e
298 1296 399 1363 felicis
422 1295 561 1361 Arabiae
582 1296 733 1380 populis:
762 1295 822 1360 nisi
842 1297 928 1362 torte
949 1298 982 1361 hi
1004 1299 1094 1362 etiam
1118 1303 1156 1364 ab

239 1401 301 1466 illis
322 1397 527 1484 proseminati
548 1411 632 1462 sunt.
676 1400 757 1462 Nam
779 1400 832 1464 hic
853 1399 939 1464 vides
962 1403 1157 1486 Magusacos

223 1506 358 1570 =Persas
394 1502 488 1568 variis
523 1523 557 1566 se
585 1501 721 1586 populis·
745 1523 782 1566 ae
815 1504 959 1590 gentibus
995 1505 1157 1569 insevisse.

239 1607 383 1693 (Vigor.)

136 1745 140 1752 ·
159 1711 215 1794 12)
241 1707 351 1799 παρὰ
372 1705 548 1794 Γήλοις]
565 1708 733 1774 Caesarius
747 1711 823 1775 loco
838 1710 934 1774 citato
950 1712 1159 1776 Bardesanem

242 1811 329 1880 κατὰ
348 1809 630 1896 πόδαςοοοιιίῑων,
654 1813 713 1876 nisi
725 1816 812 1897 quod
827 1808 939 1894 Γήλας
952 1836 1016 1879 non
1032 1811 1160 1898 Ιῖἡλοιις

243 1929 351 1981 vocat.
412 1909 573 2005 Θάτερος,
607 1915 729 2000 inquit,
764 1913 857 2006 παρὰ
883 1911 1013 1997 Ῥἡλαις
1041 1913 1161 2005 νόμος,

104 2059 108 2074 ·
153 2055 155 2060 ·
243 2025 401 2106 γυναῖκας
418 2025 586 2109 γεωργεῖν,
607 2023 663 2084 καὶ
680 2014 881 2105 οἰκοδομεῖν,
903 2025 959 2086 καὶ
977 2018 1018 2086 τὰ
1035 2017 1162 2111 ἀνδρῶν

244 2118 413 2210 πράττειν,
447 2117 533 2188 ἀλλὰ
565 2125 620 2188 καὶ
642 2126 804 2188 κοινωνεῖν
833 2117 883 2200 ὁῖς
908 2119 948 2188 ἂν
975 2118 1160 2209 βούλωνται

243 2226 307 2294 τῶν
324 2219 505 2308 ἐπηλύδων,
528 2220 566 2290 οὗ
587 2225 779 2313 μυρίζονται
793 2227 846 2302 δὲ,
869 2220 943 2291 οὐδὲ
959 2229 1089 2318 φονίοις
1103 2223 1163 2309 τὴν

244 2325 328 2424 ὄιγιν
353 2323 555 2396 νοθεύονται
584 2338 646 2391 etc.
676 2331 708 2394 οἱ
735 2330 770 2394 δὲ
797 2324 913 2419 ἄνδρες
949 2326 1161 2416 οτιβάζονται

244 2434 367 2514 ἐσθῆτι
380 2432 511 2527 μαλακῇ
532 2435 588 2498 κοιλ
607 2425 803 2522 ἀνθοβάφῳ
824 2433 981 2526 περιβολῇ
995 2446 1056 2496 etc.
1081 2436 1160 2517 Epi·

245 2537 377 2620 phanius
413 2536 488 2600 loco
516 2535 590 2599 iam
635 2534 762 2600 laudato
797 2535 881 2599 Nro.
926 2536 978 2598 10.
1033 2535 1161 2618 1ἰγλούς

173 2637 176 2642 ’
239 2635 403 2716 ρωπίαν,
440 2650 475 2702 ut
494 2649 537 2703 et
558 2639 753 2706 Bardesanes
782 2648 813 2699 et
845 2637 1064 2717 Ptolemaeus,
1102 2642 1160 2706 sed

246 2746 310 2808 hoc
330 2744 368 2806 iis
390 2737 550 2828 singulare
570 2740 698 2818 tribuit,
721 2751 757 2803 ut
771 2743 853 2824 apud
867 2741 954 2824 ipsos
970 2746 1002 2808 οἱ
1018 2741 1058 2809 τὰ
1073 2746 1161 2835 φαῦ-

247 2851 290 2912 λοι
312 2847 449 2936 δρῶντες
476 2842 559 2932 πρὸς
586 2845 649 2910 τῶν
679 2837 788 2929 νόμων
819 2840 939 2912 ἀντῶν·
958 2847 1163 2918 ἐπαινῶνται.

145 2990 148 3001 ·
251 2949 348 3014 Gelas
370 2949 492 3013 Plinius
520 2947 616 3011 Libr.
639 2947 704 3010 vl.
737 2944 820 3028 Cap.
843 2949 942 3012 XVI.
974 2949 1056 3012 inter
1084 2953 1162 3016 alios

218 3107 228 3128 ,
250 3051 393 3133 Hyrcani
417 3051 510 3114 maris
533 3049 657 3114 accolas
683 3061 842 3127 numerat,
867 3073 948 3134 quos
965 3054 1082 3117 Graeci
1098 3054 1162 3120 Cn-

191 3165 213 3176 ‘·
251 3154 358 3216 dusios
380 3154 590 3235 appellarunt.
616 3153 711 3216 Gelas
732 3163 834 3215 tamen
856 3152 1034 3218 aCadusiis
1052 3157 1164 3221 distin-

251 3256 319 3342 guit
341 3255 458 3319 Strabo
480 3257 575 3319 Libr.
598 3256 683 3332 XL,
707 3257 818 3318 ambos
838 3267 942 3320 tamen
964 3261 1004 3321 ad
1020 3261 1163 3340 Hyrcani

250 3381 307 3424 seu
336 3357 446 3439 Caspii
475 3358 570 3422 maris
603 3357 804 3436 orientalem,
850 3371 881 3422 et
915 3361 1014 3424 'Parni
1049 3367 1163 3429 montis

252 3460 528 3545 septentrionalem
559 3461 684 3544 plagam
713 3461 886 3526 constituit.
932 3465 1163 3548 Theophanes,

252 3565 307 3649 qui
324 3562 471 3645 Pompeii
483 3574 585 3625 castra
596 3576 720 3626 secutus
737 3577 813 3644 crat,
832 3569 914 3647 apud
929 3569 1058 3630 eundem
1075 3571 1164 3634 Stra-

252 3671 386 3744 bonem,
412 3668 585 3747 eodemque
607 3663 690 3730 libro
705 3667 887 3731 Amazonas
908 3659 990 3732 inter
1010 3683 1042 3733 et
1063 3673 1163 3736 Alba-

252 3791 313 3834 nos
341 3771 478 3834 collocat
511 3763 623 3848 Γήλας
652 3774 707 3834 καὶ
738 3766 877 3855 Λήγας,
910 3793 989 3855 quos
1023 3775 1166 3840 Zonaras

254 3873 350 3936 Tom.
366 3874 414 3936 ΙΙ.
438 3871 548 3947 minus,
573 3885 607 3934 ut
630 3872 745 3954 opinor
766 3875 1165 3960 νοοιο,1’ἓ’λλαςκιι“ιΛιῇ-

251 3976 506 4062 praenominat.
539 3975 682 4060 Denique
706 3974 867 4044 Cedrenns
889 4001 962 4065 pag.
986 3980 1058 4046 tat.
1082 3981 1164 4048 Cae·
