2728 4758
1061 439 1121 500 207
1201 457 1204 465 ’

66 657 79 694 .
121 619 202 683 quae
225 621 266 661 ex
287 611 399 664 natura
423 601 488 686 agit
511 593 687 666 absolvitur
715 621 778 666 non
812 603 1028 685 miseratione,
1067 611 1123 672 sed
1156 641 1158 648 v

121 702 256 770 ratione.

519 925 723 983 Postea

184 1113 293 1197 Leges
316 1111 496 1176 differentes
521 1113 622 1176 fixere
645 1114 787 1178 homines
813 1116 845 1180 in
866 1137 994 1202 qnoque
1017 1129 1121 1185 tractu
1217 1181 1219 1186 .

121 1215 236 1298 partim
255 1215 407 1298 scriptas,
431 1216 546 1298 partim
563 1217 801 1301 conscriptas:
825 1241 958 1304 quarum
979 1225 1122 1291 recitabo

119 1339 198 1402 quas
220 1319 298 1383 novi
324 1331 356 1382 et
376 1341 509 1402 quarum
530 1319 677 1398 memini,
712 1325 752 1384 ab
773 1321 843 1405 ipsa
870 1325 976 1388 muudi
998 1327 1122 1412 origine

119 1421 287 1504 incipiens.
330 1424 405 1486 Lex
426 1435 481 1486 est
492 1427 577 1506 apud
597 1425 713 1503 Seres,
747 1425 879 1509 nequis
902 1428 1047 1506 occidat,
1082 1451 1124 1493 nc

52 1513 59 1526 ¹
120 1526 191 1612 quis
212 1538 390 1602 scortetur,
413 1547 454 1589 ne
469 1527 538 1611 quis
555 1527 701 1606 furetur,
724 1549 765 1591 ne
787 1529 857 1612 quis
878 1530 1044 1595 simulacra
1065 1553 1122 1596 ve·

82 1637 85 1642 ’
117 1641 261 1693 necetur.
305 1631 350 1692 Et
369 1628 402 1692 in
421 1629 477 1694 illo
494 1642 598 1694 tractu
619 1631 768 1696 latissime
786 1645 914 1716 patente
932 1657 998 1699 non
1015 1635 1122 1700 videas

117 1735 288 1817 templum,
312 1754 377 1796 non
394 1733 541 1797 feminam
556 1755 638 1818 quae
655 1735 777 1800 dicatum
791 1739 943 1802 meretrix
960 1739 1013 1803 vel
1031 1740 1121 1804 adul-

117 1851 205 1915 tera,
229 1859 295 1901 non
314 1836 418 1900 frtrem
437 1836 470 1899 in
487 1837 536 1900 ius
558 1837 647 1920 rapi,
676 1839 830 1903 neminem
852 1861 922 1904 esse
947 1842 1002 1925 qui
1022 1829 1122 1906 inter·
1192 1891 1194 1898 >

93 1945 221 2020 ficiat,
260 1951 313 2006 aut
347 1939 403 2023 qui
432 1940 651 2005 interficiatur.
720 1944 833 2026 Neque
869 1944 951 2008 enim
983 1945 1122 2010 libertati

73 2067 75 2072 ·
118 2045 336 2114 necessitatem
354 2042 399 2105 ibi
415 2042 549 2127 imponit
561 2045 733 2110 flammanti
746 2047 849 2110 sidere
861 2047 997 2110 Mavors
1016 2050 1120 2114 medio

118 2152 199 2216 caeli
220 2149 323 2233 spatio
344 2166 380 2210 se
401 2157 532 2223 tenens,
556 2160 591 2210 ut
607 2149 706 2212 homo
727 2149 886 2212 hominem
905 2151 995 2214 ferro
1009 2165 1119 2216 necet:
1219 2233 1221 2238 Α

11 2329 13 2334 .
117 2278 183 2321 non
202 2255 314 2317 Venus
335 2252 436 2314 Marti
456 2251 561 2314 iuncta
582 2255 665 2335 apud
682 2253 755 2318 illos
776 2253 852 2318 facit
872 2266 907 2316 ut
933 2254 1003 2338 quis
1025 2258 1123 2318 cubet
1175 2292 1178 2298 ·

118 2381 190 2424 cum
220 2357 318 2421 aliena
345 2354 596 2433 matrefamilias,
631 2378 704 2420 eum
735 2369 837 2421 tamen
869 2357 957 2422 nullo
983 2371 1047 2422 uon
1071 2359 1121 2422 die
1150 2389 1154 2409 t

118 2465 211 2529 Mars
229 2459 365 2524 medium
386 2457 465 2522 caeli
485 2470 610 2534 teneat,
649 2460 797 2545 omnique
820 2463 903 2526 hora
932 2485 970 2525 ac
992 2462 1121 2527 die-na·

118 2579 246 2631 scantur
253 2563 349 2648 aliqui
355 2565 440 2646 apud
446 2563 552 2628 Seras.
570 2564 668 2645 Apud
674 2565 772 2628 ludos
785 2577 816 2628 et
826 2566 1012 2630 Bactrianos
1022 2567 1119 2631 multa

118 2670 215 2736 millia
236 2681 441 2733 sunt·eorum
462 2688 544 2750 quos
566 2667 673 2730 dicunt
695 2669 909 2732 Brachmanae
935 2669 989 2752 qui
1008 2691 1120 2732 secun·

119 2778 194 2839 dum
208 2773 312 2859 legem
324 2770 542 2856 maiorumque
557 2791 686 2834 suorum
705 2769 846 2836 instituta
863 2772 992 2850 vivunt,
1017 2795 1120 2858 neque
1176 2799 1183 2812 ¹

118 2877 310 2944 interficiunt
346 2875 534 2961 quicquam,
575 2895 678 2957 neque
710 2875 876 2940 simulacra
907 2890 1118 2954 venerantur,

118 3003 184 3046 uon
210 2990 339 3066 gustant
370 2981 416 3046 de,
437 2977 476 3042 iis
500 2999 581 3063 quae
606 2977 738 3041 animam
756 2979 918 3043 habuere:
962 3003 1121 3065 nunquam

117 3084 342 3161 inebriantur,
357 3105 427 3146 enm
451 3103 511 3145 nec
529 3082 635 3146 vinum
652 3103 711 3145 nec
734 3083 866 3146 siceram
881 3096 1020 3168 gustent,
1031 3123 1033 3136 ι
1044 3085 1123 3148 nulli

117 3188 267 3272 pravitati
287 3207 322 3249 se
344 3186 536 3263 admiscent,
570 3185 653 3251 Deo·
666 3178 774 3250 dautes
794 3181 943 3269 operam,
976 3209 1055 3278 cum·
1068 3188 1120 3250 alii

118 3292 191 3358 Indi
210 3276 359 3356 ¹occidant
374 3303 409 3352 se
430 3300 557 3367 mutuo,
588 3301 791 3369 scortentur,
820 3290 1032 3368 inebrientur,
1064 3294 1120 3354 ad·
1183 3341 1186 3346 .

118 3395 291 3461 volvantur
312 3391 508 3468 simulacris,
529 3405 575 3456 et
598 3393 698 3457 ferme
720 3415 779 3476 per
803 3393 908 3458 omnia
933 3393 1016 3456 Fato
1041 3393 1122 3460 ferri

118 3509 153 3562 s‘e
175 3497 298 3562 sinaut,
335 3498 396 3560 Est
412 3494 446 3558 in
461 3497 569 3558 eadem
591 3498 700 3562 Indiae
716 3497 811 3582 plaga
827 3496 936 3572 natio,
961 3519 1041 3580 quae
1062 3519 1120 3581 pe·

118 3600 289 3687 regrinos,
313 3612 349 3663 nt
364 3619 520 3683 quemque
530 3600 666 3681 reperit,
691 3599 794 3683 capit,
819 3612 851 3663 et
864 3599 1010 3663 sacrificii
1025 3621 1119 3665 causa

117 3702 279 3769 interficit.
323 3704 436 3785 Neque
458 3689 595 3786 benigna
615 3701 720 3764 sidera
739 3702 799 3766 hos
823 3700 995 3784 prohibent
1015 3703 1120 3767 caedi-
1144 3761 1145 3766 ,
1175 3753 1178 3758 ,

16 3835 21 3846 ·
118 3809 180 3872 bns
199 3819 231 3869 et
247 3804 368 3869 iniustis
386 3805 503 3892 nuptiis
521 3803 713 3880 attaminari,
737 3825 840 3888 neque
862 3803 999 3890 maligna
1015 3804 1121 3870 sidera

119 3909 332 3973 Brachmanas
361 3911 401 3972 ad
431 3908 595 3972 malefacta
624 3918 756 3992 cogunt.
807 3907 905 3990 Apud
928 3908 1046 3976 Persas
1067 3910 1121 3972 lex

116 4007 308 4086 luituxores
319 4031 444 4078 sumere
452 4012 555 4090 filias,
578 4029 729 4086 sorores,
754 4008 845 4074 etiam
860 4021 995 4076 matres:
1008 4033 1121 4095 neque
