2804 4762
264 402 284 464 6

262 565 387 654 άυτῶν,
409 569 467 640 διά
487 570 526 640 τὸ
548 562 662 656 σώζειν
681 570 876 666 βούλεσθαι
896 573 956 657 τὴν
976 573 1060 667 πρὸς
1081 573 1186 657 ἆυτάς
1200 575 1279 648 άκο-

260 675 410 754 λοοθίαν
441 671 549 756 άλλως
581 674 825 765 ἀναγκάζονται
853 683 973 766 λέγειν’
1011 676 1072 761 [δι’
1107 675 1148 763 ἣν
1170 676 1281 752 άιτίαν

260 773 337 846 οὐδὲ
358 774 588 873 Ἀναξαγόρας
609 776 628 849 6
651 784 879 902 Κλαζομένιος
913 781 964 866 ²),
1003 782 1059 852 καί
1086 809 1140 852 τοι
1172 781 1280 854 τάλλα

260 879 386 952 ίίνέν
387 888 460 962 τοῖς
487 886 547 966 τῆν
579 883 726 979 φυσικὴν
761 886 970 980 φιλοσοφίαν
1006 882 1282 983 φιλοσοφήσασιν

260 983 321 1056 οὐκ
342 983 600 1080 άπερριμμένος,
622 984 683 1058 οὐκ
704 984 897 1072 ἀξιόπιστος
919 986 990 1073 5)’
970 993 1222 1085 αντιμαρτυρῶν
1240 993 1281 1089 τῇ

136 1085 138 1090 ’
163 1112 165 1116 ·
261 1091 353 1186 κοινῇ
374 1093 439 1158 τῶν
461 1087 652 1184 ἀνθρώπων
672 1092 781 1160 πίστει
794 1097 868 1184 περὶ
882 1118 1078 1186 ειμαρμενης
1085 1145 1095 1177 ,
1116 1091 1254 1182 λκγει
1215 1121 1281 1188 γαρ

261 1189 359 1274 ὁῦτός
379 1219 416 1282 γι
436 1197 540 1283 μηδὲν
560 1196 625 1266 τῶν
638 1198 818 1284 γινομένων
840 1187 870 1280 4)
892 1197 1051 1284 γίνεσθαι
1066 1194 1183 1268 καθ’*
1166 1225 1282 1292 τιμαρ-

259 1300 380 1401 μένην,
415 1293 558 1368 άλλά’“
525 1324 610 1368 ειναι
630 1296 724 1369 κενὸν
744 1301 844 1368 τοῦτο
872 1295 1041 1428 τόάνομφ]
1052 1351 1062 1382 ,
1097 1327 1129 1370 τι
1123 1301 1188 1370 ’δέ
1206 1300 1278 1372 ποτ’

260 1403 348 1471 ἐστίν
369 1397 439 1485 ⁵)
420 1429 440 1486 η
463 1403 657 1494 έιμαρμένη,
679 1407 736 1470 καί
758 1404 791 1471 έν
811 1403 907 1486 τίσιν,
929 1399 1039 1472 οὐκέτι
1061 1397 1101 1487 6).
1134 1399 1254 1476 '⁸06
1214 1431 1281 1498 γαρ

260 1501 363 1594 μόνον
384 1501 445 1574 οὐκ
466 1496 669 1588 άλληλοις“
645 1530 807 1588 απαντις,
829 1499 899 1573 άλλ
923 1501 1041 1575 0666‘
985 1513 1043 1588 έη
1066 1508 1130 1576 τῶν
1144 1503 1283 1600 ἆνθρά-

260 1633 331 1676 πων
351 1605 444 1692 κοινὴ
456 1605 670 1731 πρόληψις*
659 1606 754 1692 ικανι)
781 1610 882 1678 τοῦτο
909 1610 1075 1698 μηνῦσαι·
1112 1604 1188 1680 ὀάτε
1216 1608 1282 1704 γάρ

261 1706 418 1794 ἀλλήλοις
438 1704 582 1835 ’όίπριντες
594 1766 603 1796 ,
651 1709 738 1781 ἀλλὰ
767 1709 844 1782 οὐδὲ
876 1709 979 1792 άυτὸς
1010 1709 1102 1807 άυτῷ
1130 1739 1182 1794 τις
1209 1719 1283 1834 περὶ

261 1811 364 1898 ἆυτῆς
385 1811 438 1884 άεί
457 1812 500 1884 τά
529 1812 618 1885 άυτά
645 1811 790 1900 δοξάζει
826 1810 911 1907 πρός
943 1813 1010 1905 γάρ
1038 1815 1118 1897 τοὺς
1145 1811 1283 1909 καιρούς

261 1943 312 2001 τε,
333 1924 390 1987 καί
404 1917 465 1999 τάς
478 1915 700 2012 περιεστάσας
714 1915 826 2010 τύχας,
844 1925 901 1987 καί
922 1916 985 2002 τὴν
1006 1921 1155 2012 περὶτῆς
1169 1922 1283 2012 έιμαρ-

260 2025 360 2113 μένης
381 2019 481 2106 δόξαν
501 2026 757 2116 μεταφέρουσιν
781 2016 881 2092 Ὅσοι
901 2031 962 2110 μὲν
983 2019 1048 2144 γάρ
1071 2019 1180 2092 άυτιίν
1200 2019 1283 2092 πάν-

261 2152 305 2195 τα
326 2123 449 2196 καθ’“
432 2131 631 2220 ειμαρμένην
651 2126 812 2214 γίνεσθαι
833 2130 984 2214 λέγουσι,
1005 2123 1065 2209 τὴν
1086 2128 1283 2254 έιμαρμένην

260 2224 557 2318 ὑπολαμβάνουσιν
590 2225 814 2322 άπαράβατόν
849 2255 924 2298 τινα
960 2226 1071 2298 άιτίαν
1107 2231 1191 2298 ι’ῖναι
1225 2232 1284 2298 καί

261 2328 527 2425 ἆναιιόὸραστον.
600 2335 679 2402 Εισι
707 2327 738 2400 δ’
770 2358 821 2412 οις
849 2359 889 2401 ου
917 2357 1028 2402 παντα
1056 2329 1100 2400 τά
1126 2326 1284 2419 γινόμενα

262 2439 356 2505 δοκεῖ
372 2434 583 2523 7)γι’νεσθαι
607 2431 691 2504 καθ
722 2438 942 2528 έιμαρμένην,
977 2431 1048 2505 ἀλλ’
1079 2436 1163 2504 έίναί
1189 2460 1285 2516 τινας

262 2534 537 2636 ὑπολαμβάνουσι
560 2541 623 2608 τῶν
644 2543 823 2628 γινομένων
844 2545 902 2607 καί
921 2536 1029 2618 ίίλλας
1049 2533 1180 2618 άιτίας·
1211 2534 1280 2606 ἀλλ’

262 2640 340 2712 οὐδὲ
360 2640 421 2726 τὴν
442 2645 639 2736 έιμαρμένην
670 2642 700 2727 ⁸)
731 2639 836 2725 ἀυτὴν
856 2639 897 2709 τὸ
919 2636 1040 2728 πάγιόν
1060 2665 1095 2709 τε
1117 2646 1173 2710 καί
1195 2637 1282 2709 άπα-

262 2741 414 2840 ράβατον
434 2745 516 2837 ἔχειν
537 2746 714 2830 τίθενται,
750 2742 838 2814 ἀλλά
857 2744 1015 2831 γίνεσθαί
1043 2769 1119 2814 τινα
1142 2745 1284 2814 καὶτῶν

262 2847 345 2920 καθ’
362 2852 559 2943 έιμαρμένην
571 2851 733 2938 γίνεσθαι
747 2843 959 2943 πεφυκότων,
981 2843 1020 2916 06
1036 2843 1106 2916 κατ’
1123 2843 1227 2932 άυτην
1241 2849 1282 2932 9),

262 2949 349 3030 ἀλλὰ
369 2951 464 3047 παρά
484 2959 627 3044 μοῖραν,
663 2949 707 3032 ὡς
728 2955 761 3021 οί
788 2950 925 3034 ποιηταί
957 2973 1066 3044 φασι,
1102 2956 1158 3020 καί
1189 2946 1284 3044 παρά

261 3054 322 3140 την
343 3059 549 3151 έιμαρμένην.
587 3052 680 3126 'Em
701 3050 731 3126 δ’
756 3052 809 3136 όῑς
827 3078 907 3124 ποτε
928 3050 1038 3123 πάντα
1059 3054 1219 3142 γίνεσθαι
1239 3051 1285 3122 τά

262 3154 419 3251 γινόμενα
441 3163 536 3230 δοκεῖ
551 3156 634 3230 καθ’
658 3162 875 3252 έιμαρμένην,
913 3164 969 3228 καὶ
995 3154 1128 3248 μάλιστ’
1159 3155 1201 3228 ίίν
1222 3153 1283 3227 66-

185 3345 188 3350 Ι
262 3269 333 3343 τοῖς
354 3261 395 3331 τά
418 3266 477 3346 τῆς
498 3259 597 3354 τόχης
618 3266 663 3347 ¹⁰)
685 3261 877 3359 ἀντιπίπτῃ·
913 3264 1162 3356 κατορθοῦντες
1190 3263 1227 3330 δέ
1249 3263 1284 3332 έν

261 3371 334 3448 τοῖς
354 3371 600 3460 προκειμένοις,Ι
618 3363 740 3444 άυτούς
762 3361 889 3446 ἆιτίους
910 3369 994 3436 ε’ίναι
1015 3366 1081 3432 τῶν
1102 3368 1282 3457 κατορθω-

262 3466 377 3559 μάτων
398 3466 714 3559 ὑπολαμβάνουσιν,
736 3463 780 3548 ὡς
801 3465 861 3539 οὐκ
883 3466 924 3538 άν
945 3461 1204 3550 ἀπαντησάντων
1217 3467 1284 3536 τάν

263 3569 518 3658 ἀπηντηκότων,
548 3575 577 3642 έι
599 3569 646 3661 μὴ
671 3568 767 3640 οίυτοί
791 3569 870 3641 τάδε
893 3572 1022 3660 μάλλον
1039 3569 1183 3662 ἔπραξαν
1207 3564 1283 3648 άντ)
1340 3561 1344 3570 ’

261 3679 372 3760 τῶνδε,
385 3672 429 3757 ὡς
442 3677 569 3766 ἔχοντες
584 3682 640 3744 καί
654 3677 714 3745 τοῦ
722 3672 770 3803 μὴ
780 3671 937 3764 πράττειν
951 3669 1039 3744 άυτά
1051 3670 1110 3758 τὴν
1121 3673 1283 3756 ἐξουσίαν.

266 3775 353 3851 ΔιΗ
331 3806 372 3864 ην
387 3777 607 3874 διαφωνίαν
587 3781 754 3868 αναγκαία
769 3787 838 3857 τοῖς
852 3771 1132 3902 φιλοσοφοῦσιν
1113 3804 1134 3860 η
1147 3771 1283 3860 ζητησις

264 3912 338 3979 περι
326 3884 452 3968 Π)
413 3909 470 3966 της
490 3885 687 4008 έιμαρμένης
698 3935 707 3966 ,
730 3880 790 3954 οὐκ
812 3881 874 3950 έι’
854 3905 959 3964 εστιν,
981 3877 1110 3950 αλλα
1078 3906 1110 3950 τι
1124 3905 1189 3948 ποτ
1212 3881 1282 3948 ἐστί

264 3997 319 4058 καί
337 3990 370 4058 ἐν
391 3987 459 4056 τίσι
480 3988 543 4056 τῶν
563 3990 741 4074 γινομένων
757 3986 843 4056 ἐστίν
857 3981 878 4068 ι)
901 3979 1039 4066 τοιαάτη
1061 3987 1105 4068 ¹²)
1127 3978 1237 4077 φάσις.
