2804 4762
1032 423 1150 532 Ι63

141 580 319 662 Quomodo
343 580 436 645 etiam
458 582 529 663 plus
558 580 675 665 aliquid
697 582 752 646 illi
772 604 865 667 quam
899 587 1014 650 caeteri
1038 610 1056 652 a
1079 589 1149 654 Diis

33 679 36 686 ’
139 695 387 768 consequentur,
412 685 663 768 quandoquidem
675 685 775 754 'etiem
790 686 920 752 istarum
937 709 1043 754 rerum
1059 691 1148 772 prin·

139 787 223 869 eipia
257 788 357 852 multo
384 799 455 852 ante
481 800 571 850 erent
597 799 628 850 et
656 788 744 870 prius
776 811 869 872 quam
898 790 949 856 isti
980 815 1148 858 nasceren-

139 889 220 953 tur?
247 891 421 971 Quomodo
446 912 510 957 non
537 903 569 954 et
594 891 744 956 divinatio
766 893 898 956 tolletur
923 894 1046 958 sublata
1067 896 1147 961 divi-

132 994 276 1075 nationis
308 993 465 1059 utilitate?
503 993 589 1075 Quid
614 995 695 1058 enirn
728 1015 809 1076 opus
836 996 895 1058 erit
919 997 1041 1062 discere
1068 1001 1148 1082 quiae

138 1103 227 1160 vates
247 1109 396 1174 mouent,
430 1108 484 1160 aut
506 1097 581 1180 quid
602 1117 661 1179 per
680 1118 790 1162 eorum
812 1099 930 1162 monita
945 1120 1059 1164 cavere
1077 1102 1147 1185 quus

68 1191 70 1198 ’
134 1197 274 1282 poterit,
299 1199 327 1264 si
342 1199 435 1266 nobis
455 1221 492 1264 ea
506 1211 628 1264 tautum
642 1203 734 1266 datur
748 1219 965 1284 cognoscere,
988 1203 1049 1265 illis
1065 1226 1146 1270 vero
1260 1286 1267 1297 „

135 1303 425 1388 significare-quae
454 1316 486 1368 et
510 1325 570 1368 nos
592 1323 791 1388 cognoscere
825 1315 857 1366 et
883 1315 936 1366 aut
961 1304 1070 1368 faeere
1092 1320 1147 1370 aut

135 1428 200 1472 non
237 1407 346 1472 iacere
379 1407 505 1492 singule
538 1419 610 1472 ante
647 1418 752 1471 ortum
779 1417 924 1478 nostrum
959 1407 1145 1472 necessitate

134 1511 321 1574 conclusum
344 1510 437 1576 erat?
458 1512 535 1576 Non
559 1532 641 1596 ergo
664 1530 722 1572 nos
747 1509 913 1598 arbitrium
933 1511 1084 1576 habemus
1107 1533 1144 1578 ea

133 1613 330 1678 observandi
361 1635 441 1698 quae
470 1637 489 1678 a
522 1613 592 1678 Diis
624 1613 936 1697 praesignificantur,
981 1635 1054 1680 curu
1080 1615 1142 1680 iem

133 1716 212 1780 olim
252 1737 367 1780 causae
402 1729 604 1802 antegressae
633 1717 695 1784 sint
730 1737 841 1782 eorum
877 1737 959 1800 quae
991 1739 1050 1802 per
1081 1739 1140 1784 uos
1197 1764 1202 1772 «

131 1829 206 1883 sunt
228 1820 349 1885 funera.

259 2113 261 2121 J
564 2017 704 2094 XVIIi.

193 2131 304 2213 Quare
332 2131 425 2198 facile
453 2143 502 2196 est
530 2131 629 2196 oritis
657 2128 840 2215 perspicere
867 2130 898 2195 in
927 2131 1003 2200 hoe
1018 2132 1137 2215 pinsito

129 2257 257 2300 causam
276 2255 345 2301 esse
363 2237 553 2300 evertendae
574 2235 657 2300 vitae
677 2235 788 2300 totius.
833 2235 960 2299 Falsum
982 2255 1063 2303 vero
1087 2237 1136 2302 in-

86 2322 90 2328 *
128 2342 319 2420 superesse
341 2343 429 2424 quod
446 2343 578 2416 docent,
608 2341 797 2404 documento
815 2338 874 2415 sit,
902 2341 1061 2422 quodnee
1074 2340 1137 2424 ipsi

129 2443 200 2516 tulis
225 2443 387 2508 doctrinae
401 2442 569 2526 ‘principes
592 2442 725 2526 obsequi
745 2442 954 2524 possuntne,
992 2465 1073 2526 quae
1094 2447 1134 2513 ab

128 2545 205 2628 ipsis
224 2547 382 2612 dicuntur.
415 2549 464 2612 Ita
482 2547 610 2611 enimin
627 2546 772 2610 omnihus
789 2545 986 2612 sermonibus
1004 2567 1135 2612 con-ser·

128 2661 206 2712 rant
231 2650 428 2727 libertatem,
466 2663 498 2714 et
523 2651 556 2715 id
582 2653 668 2734 quod
688 2670 786 2732 penes
811 2669 871 2713 nos
896 2661 960 2726 est,
1003 2648 1137 2732 quasia

45 2744 48 2749 ’
129 2753 219 2817 nullo
240 2745 377 2837 unquem
398 2754 560 2818 hominum
581 2755 645 2817 tale
668 2752 979 2838 dogma'audissent:
1015 2753 1135 2834 partim

125 2879 199 2919 cum
222 2857 453 2942 aggrediuntur
470 2881 599 2922 monere
619 2857 721 2950 alios,
759 2867 908 2940 tanquam
930 2855 984 2939 qui
1001 2856 1134 2921 liberam
1235 2947 1238 2952 Ι

89 2957 92 2970 ’
126 2960 352 3027 hoe.ieciendi
375 2963 427 3024 vel
448 2983 512 3026 non
536 2961 671 3025 faciendi
695 2951 832 3024 habeant
851 2971 1064 3041 potestatem,
1102 2970 1136 3024 ot

126 3073 275 3147 tanquam
297 3060 351 3149 qni
374 3069 582 3130 admonentur
606 3083 796 3147 percorum
820 3083 1001 3138 sermones,
1025 3059 1130 3146 aliquia

124 3166 233 3231 iacere
255 3169 398 3250 possint,
423 3191 560 3253 quorum
577 3167 727 3232 fecissent
744 3165 904 3232 contraria
921 3165 998 3246 ipsis
1023 3175 1131 3232 tecen-

124 3269 228 3334 tibus:
255 3271 372 3353 partim
397 3293 468 3336 cunr
485 3275 663 3356 culpanttet
684 3269 855 3354 obiurgant
877 3269 955 3334 alios
981 3278 1131 3350 tanquan

123 3373 278 3438 iacienoes
305 3397 385 3459 quae
413 3397 478 3439 non
508 3379 610 3442 decet.
660 3375 725 3437 ¹Sed
753 3383 784 3436 et
809 3392 908 3454 opera
932 3370 1029 3460 gnulta
1051 3369 1132 3436 seri·
1244 3403 1248 3412 ·

124 3477 226 3555 bunt,
252 3491 284 3541 et
299 3485 376 3562 post
392 3501 427 3544 se
441 3479 639 3562 relinquunt,
663 3499 723 3560 per
738 3497 819 3561 qnae
841 3474 952 3538 volunt
966 3471 1130 3538 instituere

123 3581 360 3659 adolescentes,
388 3595 535 3666 tanquam
558 3583 696 3664 quinon
718 3580 946 3662 prohibeantur
970 3575 1030 3638 iste
1051 3576 1130 3640 scri-

122 3683 224 3761 here,
260 3684 335 3748 ideo
369 3689 456 3769 quod
487 3684 719 3748 circumstantia
748 3683 809 3746 sint
837 3681 928 3744 huius
961 3680 1014 3742 vel
1042 3679 1128 3762 illius

122 3787 231 3864 modi,
265 3791 324 3851 sed
344 3801 379 3851 ut
403 3789 435 3852 iu
457 3799 614 3872 potestate
637 3808 692 3848 sua
713 3788 863 3852 habentes
889 3783 922 3846 id
935 3783 996 3848 'vel
1019 3782 1127 3846 facere
1190 3826 1194 3836 .

123 3890 175 3953 vel
197 3885 408 3968 nonfacere,
438 3905 572 3956 attamen
595 3891 743 3952 malentes
762 3887 902 3952 scribere
922 3887 964 3950 ob
988 3905 1127 3954 ememus

121 3993 152 4056 in
174 4014 275 4076 genus
298 3996 477 4058 humanum.

1329 987 1341 1022 i
