2804 4762
1074 439 1113 502 49

106 630 175 694 *qne
200 627 236 670 re
259 605 320 670 alia
340 605 425 670 licet.
479 606 568 690 Quia
588 607 668 670 enim
693 629 771 672 non'
787 610 877 674 aliter
897 609 994 685 filant,
1034 631 1114 692 quae

113 714 191 776 finnt
218 731 277 793 per
296 697 484 785 animantia,
522 709 581 773 nisi
606 712 743 775 animans
761 725 928 777 moveatur
954 713 1113 796 appetitu,

111 817 180 880 inde
207 807 367 896 estquod
390 812 527 876 animans
552 815 779 899 rem'aliqnam
805 808 980 898 approbet}
1013 837 1115 900 neque

111 919 190 986 enim
220 919 280 993 fit,
315 916 342 1002 si
365 916 446 979 absit
468 917 677 999 approbatio:
714 921 793 982 haec
814 919 846 982 in
868 932 1025 1002 potestate
1048 942 1116 984 csse

113 1023 217 1085 fficrtnt
240 1020 425 1096 animantis,
451 1042 521 1082 cum
543 1031 646 1082 tamen
668 1025 711 1084 ab'
730 1045 769 1086 co
791 1045 918 1086 necesse
940 1025 1038 1086 fuerit
1057 1023 1117 1086 ista

111 1125 153 1187 sic
181 1123 265 1186 fieri.
321 1125 434 1206 Neque
457 1123 538 1208 enim
560 1133 687 1204 poterat
716 1124 806 1186 aliter
834 1145 868 1186 se
901 1147 952 1188 res
975 1127 1115 1189 habere:

111 1228 310 1292 nihilominus
333 1238 458 1302 tamen,
495 1224 640 1308 quia·res
662 1247 764 1309 neque
787 1228 826 1288 ab
842 1227 910 1295 'alio
933 1227 1004 1290 ficri
1024 1239 1117 1309 pote-

23 1311 25 1324 *
110 1343 177 1408 rat,
216 1351 320 1413 neque
354 1329 416 1392 alio
452 1331 569 1404 modo,
604 1339 776 1410 propterea
812 1351 879 1392 eam
911 1351 979 1394 rem
1011 1330 1117 1394 dicunt

109 1436 206 1500 luisse
228 1433 260 1496 in
282 1437 440 1515 potestate
464 1431 639 1494 animantis.
685 1431 792 1514 Atque
813 1433 877 1496 hoc
899 1433 1001 1516 ipsum
1024 1433 1115 1498 etiam
1168 1485 1175 1504 ι

112 1541 148 1602 de
171 1557 287 1600 rerum·
307 1535 436 1598 aliarum
465 1533 596 1618 singulis
627 1533 881 1598 dicerelicebat.
948 1538 1029 1601 Nam
1058 1559 1118 1602 nec

111 1643 198 1726 qnod
218 1638 407 1724 perignem
426 1638 484 1714 fit,
522 1637 555 1700 id
584 1659 642 1720 per
672 1659 739 1701 rem
768 1639 857 1702 aliam
879 1639 955 1703 ficri
969 1653 1115 1723 poterat,

23 1803 25 1808 ,
110 1767 211 1830 neque
239 1764 301 1825 per
327 1743 433 1826 ignem
461 1741 552 1804 aliter
585 1747 677 1824 quam
717 1740 943 1807 calefaciendo.
1010 1745 1117 1826 Quare

23 1833 25 1844 ¹
110 1871 177 1910 ctam
201 1867 283 1931 quae
305 1867 364 1927 per
386 1845 493 1928 ignem
515 1844 606 1919 finnt,
632 1844 722 1906 aliter
742 1845 815 1908 fieri
831 1843 998 1929 nequeant,
1024 1870 1117 1932 quam

23 1951 25 2044 J
111 1951 313 2014 calefaciente
327 1949 420 2036 igne3
443 1960 474 2010 et
496 1931 761 2012 eo'calefaciente
783 1949 952 2026 exsistant,
977 1972 1040 2014 non
1064 1974 1116 2014 cn·
1169 2025 1172 2032 ,

23 2057 24 2064 ἶ
109 2053 274 2118 lelaciente
301 2073 364 2114 non
387 2050 555 2125 exsistant,
596 2061 687 2111 erunt
715 2051 795 2112 haec
825 2073 953 2134 quoque
973 2052 1005 2114 in
1031 2053 1116 2137 ignis

110 2168 280 2240 potestate.
325 2157 475 2236 Idemque
499 2155 595 2214 dere
627 2152 738 2235 quavis
768 2153 827 2215 alia
861 2154 965 2216 dicere
997 2155 1116 2219 licebit.

111 2262 194 2341 Quid
216 2279 298 2320 vero
321 2257 425 2319 multis
449 2255 554 2336 verbis
579 2277 681 2338 opus,
713 2257 767 2319 nbi
789 2277 839 2319 ros
862 2258 1024 2321 manifesta
1045 2259 1120 2340 esti

108 2365 158 2428 De
181 2361 348 2426 vocabulis
370 2358 446 2443 ipsis
476 2381 540 2422 uon
562 2360 749 2422 invidemus.
803 2361 865 2423 Sed
889 2347 981 2443 'quod
1009 2363 1120 2440 existi-v

109 2480 194 2532 mant
215 2466 289 2547 plus
312 2485 344 2525 se
367 2457 485 2545 aliquid
506 2462 712 2525 animantibus
727 2463 867 2526 tribucre
883 2465 967 2527 circa
983 2486 1020 2527 ea
1036 2488 1117 2548 quae

108 2571 188 2633 fiunt
209 2590 270 2652 per
293 2559 478 2640 animantia,
515 2569 723 2648 isaiam-rebus
747 2566 812 2628 aliis
834 2587 893 2650 per
916 2589 991 2650 quas
1015 2568 1118 2651 aliqua
1137 2553 1148 2592 ”

23 2663 28 2706 ³
108 2675 207 2749 fiunt,
242 2688 313 2734 cum
335 2667 412 2732 nihil
434 2669 518 2731 aliud
540 2691 634 2752 quam
651 2669 805 2734 'vocabuli
827 2670 1029 2755 privilegium
1052 2672 1118 2734 ani·

23 2755 25 2846 J
108 2772 481 2848 mantibuseoncedant,
519 2773 583 2835 hoo
616 2783 662 2834 est
696 2776 783 2855 quod
811 2773 924 2837 merito
954 2773 1118 2858 arguitur;
1143 2771 1148 2776 ”

108 2880 258 2964 nimirum
279 2877 353 2960 quia
376 2888 407 2938 et
428 2888 481 2938 aut
502 2875 563 2956 ipsi
585 2875 734 2938 vocabuli
754 2877 867 2938 latiore
882 2899 942 2939 usu
958 2877 1128 2960 decipiun-·

108 2995 179 3060 tur,
221 2991 276 3044 aut
298 2980 375 3044 alios
399 2979 544 3060 decipere
568 2989 734 3062 quaerunt.
793 2979 966 3042 Praeterea
998 2993 1028 3042 et
1056 2983 1147 3046 hoc‘

109 3086 141 3149 in
165 3085 228 3150 illis
250 3105 315 3147 non
337 3082 494 3149 immerito
516 3081 648 3146 minetur
676 3079 808 3162 aliquis,
849 3103 913 3164 quo
944 3083 1060 3148 inducti
1089 3084 1119 3148 in
1146 3077 1150 3086 ¹
1216 3092 1218 3112 '

109 3186 447 3268 motione-appetitus
478 3198 571 3267 atque
592 3184 624 3245 in
646 3183 878 3265 approbatione
900 3199 1020 3266 ponant
1043 3207 1120 3266 ope-

109 3293 203 3356 randi
225 3285 427 3354 libertatem:
457 3291 539 3349 unde
562 3287 644 3350 etin
669 3286 812 3350 omnibus
836 3286 1040 3350 animantibus
1063 3310 1120 3369 pa·
1148 3305 1150 3312 ·

110 3398 193 3459 riter
216 3394 406 3476 idponunt.
439 3387 559 3474 'Atque
574 3391 702 3464 libertas
725 3391 839 3474 agendi
860 3411 924 3452 non
946 3389 978 3451 in
1001 3411 1040 3453 eo
1057 3387 1121 3458 ¹sita

111 3487 492 3582 est,'q110dubitvisio
516 3493 627 3556 accidit
656 3485 820 3570 animanti,
859 3489 1059 3562 id‘animans
1090 3489 1149 3560 vi'

111 3591 227 3686 arsapio
251 3604 340 3664 cedat
363 3599 451 3678 viso,
477 3610 508 3661 et
529 3595 721 3678 appetitione
743 3609 909 3658 moveatur
931 3599 970 3658 ad
991 3597 1022 3660 id
1037 3602 1123 3681 quod

112 3706 177 3768 sibi
206 3699 419 3769 obversatur:
455 3704 510 3764 sed
538 3699 641 3782 possit
667 3698 700 3760 id
727 3698 812 3761 sorte
842 3699 965 3764 efficere
988 3723 1024 3782 ac
1044 3723 1123 3791 pro·¹
1149 3699 1156 3730 ²

111 3811 193 3872 bare
228 3806 383 3870 actionem
416 3825 484 3866 esse
504 3815 630 3884 ‘sponte
666 3813 854 3882 susceptam.
920 3799 1026 3886 Atque
1048 3807 1123 3868 'nou
1149 3793 1154 3828 ἶ·

112 3912 199 3978 idem
213 3907 270 3974 ¹est
292 3907 407 3990 sponte
424 3906 547 3989 ,aliquid
570 3905 621 3990 agi
644 3905 729 3987 quod
749 3904 861 3966 libere.
907 3905 1027 3988 Sponte
1042 3908 1126 3970 eninr

111 4015 150 4078 fit
174 4015 263 4099 quod
277 4003 315 4074 fit'
329 4009 560 4092 approbatione
575 4029 640 4071 non
655 4018 804 4079 extorta3
827 4005 925 4068 libere
941 4029 1020 4072 voro
1037 4013 1124 4092 quod

810 4109 829 4169 4
