2728 4758
1062 417 1122 482 209

115 601 196 646 vero
225 581 257 644 in
284 565 348 645 sua
370 591 489 645 tantum
515 583 617 665 patria
646 584 847 668 proprioque
875 568 979 650 tractu
1002 589 1122 650 Persae

115 685 242 748 nefariis
266 707 299 748 se
326 685 442 767 nuptiis
464 685 642 767 implicant,
678 689 734 749 scd
754 700 787 770 et
813 689 866 772 qni
893 711 1003 752 eorum
1030 703 1121 753 extra
1195 737 1198 746 η

111 789 276 852 Persidem
295 789 456 863 habitant,
489 789 697 872 diermturque
717 791 905 876 Magusaei,
931 795 1039 855 eadem
1061 777 1119 876 pa·-

102 902 194 954 ·trant
225 889 369 976 flagitia,
419 893 578 954 tradentes
619 892 694 954 istas
724 894 811 977 leges
853 907 947 978 atque
979 895 1120 962 instituta

111 995 248 1077 posteris
277 1015 337 1076 per
370 1015 498 1057 manus:
532 1015 669 1077 quorum
696 997 785 1059 multi
816 1019 899 1059 nune
930 1010 1002 1060 sunt
1033 1002 1119 1064 etin

108 1097 219 1160 Media
236 1093 270 1160 et'
286 1099 318 1161 in
333 1097 488 1180 Aegypto
508 1109 538 1159 et
558 1097 589 1159 in
609 1097 753 1182 Phrygia
774 1111 804 1162 et
824 1099 960 1164 Galatia.
1006 1105 1118 1187 Neque

109 1211 212 1263 tamen
236 1199 427 1264 inomnium
445 1221 556 1263 eorum
580 1200 724 1284 genitura
747 1215 917 1282 conspecta
941 1215 987 1265 est
1006 1206 1117 1269 Venus

106 1303 138 1365 in
165 1303 281 1366 finibus
312 1291 344 1366 et
373 1303 537 1365 domiciliis
566 1302 710 1378 Saturni,
751 1304 919 1366 Saturnum
948 1307 1116 1370 comitante

15 1471 19 1478 ,
107 1407 229 1470 Marte.
287 1407 396 1489 Apud·
414 1407 558 1469 Gelonos
588 1425 667 1468 mos.
686 1419 751 1482 est,
783 1419 819 1468 ut
843 1406 977 1471 feminae
1005 1430 1117 1494 agrum

107 1511 231 1586 colant,
257 1511 369 1573 domos
390 1507 564 1584 fabricent,
589 1505 757 1593 omniaque
779 1509 897 1573 saciant
917 1511 1059 1594 opificia,
1086 1536 1118 1588 et

107 1613 292 1696 quibuscum
318 1612 433 1688 velint,
472 1623 700 1687 consuescant,
740 1613 877 1676 maribus
904 1616 1007 1680 deco
1036 1616 1115 1680 nihil

107 1715 392 1812 conquerentibusp
417 1713 460 1776 ita
476 1726 511 1776 ut
533 1715 619 1777 nulla
638 1713 681 1775 sit
702 1702 782 1795 quite
804 1729 940 1784 uocetur
958 1719 1113 1795 adultere,
1180 1799 1184 1811 ‘

104 1818 176 1882 ideo
207 1821 299 1901 quod
317 1838 431 1881 ‘omnes
455 1816 517 1880 sint
546 1817 611 1880 eius
643 1831 811 1899 quaestus,
848 1831 880 1881 et
904 1824 1115 1896 concumbant

105 1943 175 1984 cum
195 1921 358 1997 omnibus,
384 1907 517 1983 maxime
541 1941 611 1982 curn
629 1920 766 1984 exteris.
812 1923 925 2005 Neque
951 1921 1030 1988 vero
1055 1946 1113 1988 un·
1176 1907 1182 1923 ¹

105 2037 225 2109 guntur
246 2025 389 2086 Gelonae
414 2023 578 2098 mulieres,
603 2043 705 2105 neque
731 2036 835 2086 vestes
856 2026 964 2088 serunt
984 2027 1119 2104 tinctas,¹

103 2131 159 2190 sed
180 2126 405 2208 sunt-pedibus
431 2128 556 2188 nudae:
594 2147 665 2186 curn
682 2139 786 2188 tamen
809 2127 871 2189 viri
895 2129 955 2190 illis
977 2129 1008 2191 in
1031 2118 1123 2193 locis

94 2228 259 2295 exornent
277 2251 310 2292 se
332 2229 524 2292 vestimentis
541 2227 679 2318 delicatis
700 2241 730 2290 et
750 2229 981 2307 discoloribus,
1008 2239 1039 2294 e't
1057 2255 1112 2296 an-

103 2355 173 2396 rum
193 2345 337 2418 gestent,
373 2343 408 2394 et
431 2344 589 2416 ungantur
611 2353 674 2395 nou
702 2355 742 2394 ex
764 2334 827 2399 ulla
849 2334 1003 2408 mollitie;
1037 2344 1110 2398 sun't

104 2436 185 2501 enim
206 2425 325 2511 fortes,
364 2436 513 2518 belloque
538 2446 568 2496 et
598 2435 761 2498 venatibus
793 2436 935 2500 exerciti.
996 2441 1108 2522 Neque

100 2553 205 2602 tamen
229 2560 336 2602 omnes
359 2539 504 2600 mulieres
533 2539 676 2601 Gelonae
698 2539 837 2601 habuere
856 2541 917 2602 sibi
944 2543 1110 2606 Venerem
1176 2577 1182 2586 ·

102 2643 246 2706 infestam
263 2643 295 2703 in
315 2640 507 2722 Capricorni
533 2653 585 2703 aut
608 2641 742 2723 Aquarii
766 2641 892 2719 sidere,
930 2651 1033 2728 neque
1049 2644 1110 2707 viri

102 2767 212 2811 omues
232 2747 413 2818 habuerunt¹
429 2767 500 2806 eum
515 2745 623 2806 Marte
643 2745 803 2806 Venerem
825 2743 856 2808 in
875 2746 1001 2823 Ariete,
1026 2750 1108 2810 unde
1131 2765 1136 2776 ·

103 2849 191 2912 viros
214 2849 315 2912 fortes
337 2848 446 2922 simul,
490 2859 522 2910 et
543 2867 561 2908 a
584 2846 701 2909 deliciis
723 2869 788 2910 non
810 2848 928 2912 alienos
953 2839 1122 2938 deducunt¹

91 2950 267 3016 ·Chaldaei.
311 2950 410 3032 Apud
424 2941 609 3013 Bactrianos
631 2949 765 3014 feminae
788 2963 903 3013 ornatu
926 2952 980 3035 qui
1001 2954 1109 3036 splen-

100 3054 276 3118 didissimus
300 3065 330 3116 et
353 3053 438 3117 omni
459 3064 622 3139 unguento
645 3064 793 3128 utuntur,
817 3054 996 3137 habentque
1013 3056 1104 3120 mini-

91 3153 197 3221 steria
231 3158 407 3239 puellarum
443 3169 474 3218 et
511 3157 757 3222 adolescentum·
777 3155 869 3237 plura
899 3179 993 3239 quam
1023 3159 1104 3234 viri,

24 3261 26 3266 ’
99 3249 341 3343 proceduntque
363 3270 472 3321 vectae
501 3258 589 3342 equis
625 3281 739 3343 magna
772 3280 842 3320 cum
877 3261 1105 3338 ostentatione,

99 3363 193 3427 etiam
222 3362 312 3447 equis·
342 3360 484 3444 ipsorum
513 3344 630 3425 ornatis
661 3362 760 3424 multo
791 3381 870 3452 auro
898 3375 928 3424 et
949 3363 1105 3452 lapidibus

98 3465 271 3550 pretiosis,
306 3485 407 3547 neque
430 3485 509 3526 vero
532 3476 636 3527 castae
665 3477 757 3540 sunt,
793 3466 849 3527 sed
869 3465 1050 3546 promiscue
1071 3453 1106 3532 se

99 3570 232 3654 vulgant
263 3568 355 3630 etiam
378 3567 493 3629 seruis·
508 3579 539 3628 et
567 3569 746 3651 peregrinis
774 3567 898 3646 licentia
926 3568 1001 3650 ipsis
1026 3593 1104 3634 con-

3 3661 5 3670 *
99 3693 209 3747 cessa,
249 3672 332 3736 nulla
363 3691 433 3732 eum
455 3661 817 3753 querela'maritortmr,
855 3671 888 3734 in
910 3693 991 3755 quos
1014 3674 1105 3756 quasi

99 3774 293 3839 dominatum
326 3785 486 3837 exercent.
546 3773 658 3854 Neque
680 3786 783 3836 tamen
811 3775 842 3837 in
866 3775 1011 3859 genitura
1033 3795 1101 3839 om-

100 3877 186 3940 nium
208 3877 372 3940 mulierum
393 3876 634 3940 Bactrianorum·
661 3876 739 3940 caeli
768 3877 891 3941 culmen
917 3892 1005 3942 tenet
1034 3897 1104 3942 cum
1190 3924 1195 3934 ·

99 3981 182 4045 Iove
205 3967 242 4044 ae
263 3980 393 4056 Marte,
428 3991 460 4042 et
488 3978 613 4063 quidem
640 3975 724 4044 intra
753 3969 864 4044 eorum
891 3972 970 4046 fines
1000 3973 1105 4050 amaus

780 4085 820 4146 tlt
