<?xml version="1.0" encoding="UTF-8"?>
<!DOCTYPE html PUBLIC "-//W3C//DTD XHTML 1.0 Transitional//EN"
    "http://www.w3.org/TR/xhtml1/DTD/xhtml1-transitional.dtd">
<html xmlns="http://www.w3.org/1999/xhtml" xml:lang="en" lang="en">
 <head>
  <title>
</title>
<meta http-equiv="Content-Type" content="text/html;charset=utf-8" />
  <meta name='ocr-system' content='tesseract 3.04.00' />
  <meta name='ocr-capabilities' content='ocr_page ocr_carea ocr_par ocr_line ocrx_word'/>
</head>
<body>
  <div class='ocr_page' id='page_1' title='image "./alexandriaphrod00bardgoog_0205.png"; bbox 0 0 2728 4758; ppageno 0'>
   <div class='ocr_carea' id='block_1_1' title="bbox 1043 406 1104 472">
    <p class='ocr_par' dir='ltr' id='par_1_1' title="bbox 1043 406 1104 472">
     <span class='ocr_line' id='line_1_1' title="bbox 1043 406 1104 472; baseline 0.049 -4"><span class='ocrx_word' id='word_1_1' title='bbox 1043 406 1104 472; x_wconf 78' lang='lat'>189</span> 
     </span>
    </p>
   </div>
   <div class='ocr_carea' id='block_1_2' title="bbox 39 573 1172 4061">
    <p class='ocr_par' dir='ltr' id='par_1_2' title="bbox 101 573 1172 1176">
     <span class='ocr_line' id='line_1_2' title="bbox 102 573 1103 662; baseline 0 -22"><span class='ocrx_word' id='word_1_2' title='bbox 102 595 153 640; x_wconf 86' lang='lat' dir='ltr'>res</span> <span class='ocrx_word' id='word_1_3' title='bbox 176 573 338 640; x_wconf 87' lang='lat' dir='ltr'>inanimes.</span> <span class='ocrx_word' id='word_1_4' title='bbox 383 574 474 640; x_wconf 84' lang='lat' dir='ltr'>Hace</span> <span class='ocrx_word' id='word_1_5' title='bbox 499 574 568 658; x_wconf 84' lang='lat' dir='ltr'>ipsa</span> <span class='ocrx_word' id='word_1_6' title='bbox 591 577 684 641; x_wconf 87' lang='lat' dir='ltr'>etiam</span> <span class='ocrx_word' id='word_1_7' title='bbox 710 597 781 640; x_wconf 89' lang='lat' dir='ltr'>cum</span> <span class='ocrx_word' id='word_1_8' title='bbox 802 575 863 642; x_wconf 87' lang='lat' dir='ltr'>illis</span> <span class='ocrx_word' id='word_1_9' title='bbox 884 588 1027 662; x_wconf 82' lang='lat' dir='ltr'>pugnant</span> <span class='ocrx_word' id='word_1_10' title='bbox 1050 575 1103 661; x_wconf 90' lang='lat' dir='ltr'>qui</span> 
     </span>
     <span class='ocr_line' id='line_1_3' title="bbox 102 677 1108 761; baseline 0.002 -19"><span class='ocrx_word' id='word_1_11' title='bbox 102 679 162 742; x_wconf 86' lang='lat' dir='ltr'>alia</span> <span class='ocrx_word' id='word_1_12' title='bbox 184 697 325 761; x_wconf 88' lang='lat' dir='ltr'>corpora</span> <span class='ocrx_word' id='word_1_13' title='bbox 348 698 455 742; x_wconf 88' lang='lat' dir='ltr'>rerum</span> <span class='ocrx_word' id='word_1_14' title='bbox 475 677 613 742; x_wconf 89' lang='lat' dir='ltr'>omnium</span> <span class='ocrx_word' id='word_1_15' title='bbox 636 701 745 744; x_wconf 81' lang='lat' dir='ltr'>causas</span> <span class='ocrx_word' id='word_1_16' title='bbox 767 689 921 743; x_wconf 88' lang='lat' dir='ltr'>statuunt.</span> <span class='ocrx_word' id='word_1_17' title='bbox 963 680 1108 744; x_wconf 84' lang='lat' dir='ltr'><strong>Possunt</strong></span> 
     </span>
     <span class='ocr_line' id='line_1_4' title="bbox 104 763 1105 867; baseline 0.001 -22"><span class='ocrx_word' id='word_1_18' title='bbox 104 801 141 845; x_wconf 83' lang='lat' dir='ltr'>ea</span> <span class='ocrx_word' id='word_1_19' title='bbox 165 763 225 847; x_wconf 81' lang='lat' dir='ltr'>nos</span> <span class='ocrx_word' id='word_1_20' title='bbox 260 780 433 846; x_wconf 79' lang='lat' dir='ltr'>calefacere</span> <span class='ocrx_word' id='word_1_21' title='bbox 469 794 500 845; x_wconf 91' lang='lat' dir='ltr'>et</span> <span class='ocrx_word' id='word_1_22' title='bbox 528 781 739 867; x_wconf 83' lang='lat' dir='ltr'>refrigerare,</span> <span class='ocrx_word' id='word_1_23' title='bbox 777 785 911 864; x_wconf 80' lang='lat' dir='ltr'>perdere</span> <span class='ocrx_word' id='word_1_24' title='bbox 943 781 1036 844; x_wconf 87' lang='lat' dir='ltr'>etiarn</span> <span class='ocrx_word' id='word_1_25' title='bbox 1068 803 1105 846; x_wconf 89' lang='lat' dir='ltr'>ea</span> 
     </span>
     <span class='ocr_line' id='line_1_5' title="bbox 102 883 1172 968; baseline 0.001 -20"><span class='ocrx_word' id='word_1_26' title='bbox 102 905 184 968; x_wconf 79' lang='lat' dir='ltr'>qrrae</span> <span class='ocrx_word' id='word_1_27' title='bbox 206 883 283 966; x_wconf 90' lang='lat' dir='ltr'>ipsis</span> <span class='ocrx_word' id='word_1_28' title='bbox 309 883 410 948; x_wconf 89' lang='lat' dir='ltr'>minus</span> <span class='ocrx_word' id='word_1_29' title='bbox 435 884 562 962; x_wconf 84' lang='lat' dir='ltr'>valent,</span> <span class='ocrx_word' id='word_1_30' title='bbox 597 895 628 948; x_wconf 86' lang='lat' dir='ltr'>at</span> <span class='ocrx_word' id='word_1_31' title='bbox 659 886 777 949; x_wconf 85' lang='lat' dir='ltr'>nullnnr</span> <span class='ocrx_word' id='word_1_32' title='bbox 807 907 920 950; x_wconf 90' lang='lat' dir='ltr'>eorum</span> <span class='ocrx_word' id='word_1_33' title='bbox 952 905 1105 967; x_wconf 88' lang='lat' dir='ltr'>operum,</span> <span class='ocrx_word' id='word_1_34' title='bbox 1140 939 1142 944; x_wconf 95' lang='lat'>.</span> <span class='ocrx_word' id='word_1_35' title='bbox 1169 945 1172 958; x_wconf 84' lang='grc'>,</span> 
     </span>
     <span class='ocr_line' id='line_1_6' title="bbox 102 987 1105 1072; baseline 0.002 -22"><span class='ocrx_word' id='word_1_36' title='bbox 102 1009 184 1072; x_wconf 83' lang='lat' dir='ltr'>quae</span> <span class='ocrx_word' id='word_1_37' title='bbox 203 988 303 1051; x_wconf 85' lang='lat' dir='ltr'>a&#39;nima</span> <span class='ocrx_word' id='word_1_38' title='bbox 323 998 493 1070; x_wconf 81' lang='lat' dir='ltr'>operatur,</span> <span class='ocrx_word' id='word_1_39' title='bbox 525 990 565 1050; x_wconf 87' lang='lat' dir='ltr'>ab</span> <span class='ocrx_word' id='word_1_40' title='bbox 586 987 647 1051; x_wconf 89' lang='lat' dir='ltr'>illis</span> <span class='ocrx_word' id='word_1_41' title='bbox 665 987 737 1065; x_wconf 85' lang='lat' dir='ltr'>fiet,</span> <span class='ocrx_word' id='word_1_42' title='bbox 761 991 816 1052; x_wconf 85' lang='lat' dir='ltr'>sed</span> <span class='ocrx_word' id='word_1_43' title='bbox 835 990 875 1052; x_wconf 85' lang='lat' dir='ltr'>ab</span> <span class='ocrx_word' id='word_1_44' title='bbox 898 988 957 1052; x_wconf 86' lang='lat' dir='ltr'>alia</span> <span class='ocrx_word' id='word_1_45' title='bbox 977 1009 1105 1054; x_wconf 86' lang='lat' dir='ltr'>necesse</span> 
     </span>
     <span class='ocr_line' id='line_1_7' title="bbox 101 1089 537 1176; baseline -0.005 -22"><span class='ocrx_word' id='word_1_46' title='bbox 101 1103 150 1155; x_wconf 86' lang='lat' dir='ltr'>est</span> <span class='ocrx_word' id='word_1_47' title='bbox 172 1089 232 1154; x_wconf 86' lang='lat' dir='ltr'>ista</span> <span class='ocrx_word' id='word_1_48' title='bbox 254 1110 348 1155; x_wconf 81' lang='lat' dir='ltr'>causa</span> <span class='ocrx_word' id='word_1_49' title='bbox 367 1090 537 1176; x_wconf 78' lang='lat' dir='ltr'>progredi.</span> 
     </span>
    </p>

    <p class='ocr_par' dir='ltr' id='par_1_3' title="bbox 567 1194 632 1257">
     <span class='ocr_line' id='line_1_8' title="bbox 567 1194 632 1257; baseline -0.031 0"><span class='ocrx_word' id='word_1_50' title='bbox 567 1194 632 1257; x_wconf 85' lang='lat' dir='ltr'>IV:</span> 
     </span>
    </p>

    <p class='ocr_par' dir='ltr' id='par_1_4' title="bbox 39 1296 1156 4061">
     <span class='ocr_line' id='line_1_9' title="bbox 164 1296 1102 1384; baseline 0 -22"><span class='ocrx_word' id='word_1_51' title='bbox 164 1296 227 1362; x_wconf 61' lang='lat' dir='ltr'>Ani</span> <span class='ocrx_word' id='word_1_52' title='bbox 220 1317 317 1384; x_wconf 84' lang='lat' dir='ltr'>ergo</span> <span class='ocrx_word' id='word_1_53' title='bbox 330 1315 393 1360; x_wconf 89' lang='lat' dir='ltr'>una</span> <span class='ocrx_word' id='word_1_54' title='bbox 406 1297 507 1360; x_wconf 83' lang='lat' dir='ltr'>anima</span> <span class='ocrx_word' id='word_1_55' title='bbox 520 1296 702 1361; x_wconf 89' lang='lat' dir='ltr'>universum</span> <span class='ocrx_word' id='word_1_56' title='bbox 719 1317 884 1379; x_wconf 82' lang='lat' dir='ltr'>permeans</span> <span class='ocrx_word' id='word_1_57' title='bbox 899 1298 978 1361; x_wconf 90' lang='lat' dir='ltr'>haec</span> <span class='ocrx_word' id='word_1_58' title='bbox 996 1298 1102 1376; x_wconf 85' lang='lat' dir='ltr'>efficit,</span> 
     </span>
     <span class='ocr_line' id='line_1_10' title="bbox 100 1393 1147 1485; baseline -0.001 -19"><span class='ocrx_word' id='word_1_59' title='bbox 100 1421 137 1465; x_wconf 86' lang='lat' dir='ltr'>re</span> <span class='ocrx_word' id='word_1_60' title='bbox 156 1395 276 1466; x_wconf 87' lang='lat' dir='ltr'>seilicet</span> <span class='ocrx_word' id='word_1_61' title='bbox 298 1421 421 1485; x_wconf 88' lang='lat' dir='ltr'>quaque</span> <span class='ocrx_word' id='word_1_62' title='bbox 434 1422 505 1463; x_wconf 87' lang='lat' dir='ltr'>eum</span> <span class='ocrx_word' id='word_1_63' title='bbox 524 1399 695 1482; x_wconf 84' lang='lat' dir='ltr'>recipiente</span> <span class='ocrx_word' id='word_1_64' title='bbox 712 1412 834 1464; x_wconf 86' lang='lat' dir='ltr'>motum</span> <span class='ocrx_word' id='word_1_65' title='bbox 851 1393 1000 1484; x_wconf 77' lang='lat' dir='ltr'>tanquam</span> <span class='ocrx_word' id='word_1_66' title='bbox 1014 1414 1114 1484; x_wconf 65' lang='lat' dir='ltr'>parte.</span> <span class='ocrx_word' id='word_1_67' title='bbox 1144 1431 1147 1437; x_wconf 90' lang='grc'><strong><em>·</em></strong></span> 
     </span>
     <span class='ocr_line' id='line_1_11' title="bbox 99 1485 1106 1590; baseline 0.001 -22"><span class='ocrx_word' id='word_1_68' title='bbox 99 1525 167 1590; x_wconf 80' lang='lat' dir='ltr'>quo</span> <span class='ocrx_word' id='word_1_69' title='bbox 190 1485 276 1567; x_wconf 82' lang='lat' dir='ltr'>ducit</span> <span class='ocrx_word' id='word_1_70' title='bbox 300 1503 406 1586; x_wconf 85' lang='lat' dir='ltr'>ipsum</span> <span class='ocrx_word' id='word_1_71' title='bbox 419 1514 541 1580; x_wconf 89' lang='lat' dir='ltr'>totum,</span> <span class='ocrx_word' id='word_1_72' title='bbox 572 1525 676 1587; x_wconf 87' lang='lat' dir='ltr'>aquo</span> <span class='ocrx_word' id='word_1_73' title='bbox 699 1502 830 1566; x_wconf 91' lang='lat' dir='ltr'>scilicet·</span> <span class='ocrx_word' id='word_1_74' title='bbox 824 1515 1012 1587; x_wconf 85' lang='lat' dir='ltr'>·rapteutur</span> <span class='ocrx_word' id='word_1_75' title='bbox 1031 1527 1106 1569; x_wconf 87' lang='lat' dir='ltr'>cau·</span> 
     </span>
     <span class='ocr_line' id='line_1_12' title="bbox 99 1605 1105 1690; baseline 0 -18"><span class='ocrx_word' id='word_1_76' title='bbox 99 1629 156 1672; x_wconf 86' lang='lat' dir='ltr'>sae</span> <span class='ocrx_word' id='word_1_77' title='bbox 177 1607 403 1690; x_wconf 82' lang='lat' dir='ltr'>subsequentes</span> <span class='ocrx_word' id='word_1_78' title='bbox 431 1605 615 1680; x_wconf 82' lang='lat' dir='ltr'>necessitate</span> <span class='ocrx_word' id='word_1_79' title='bbox 645 1608 800 1690; x_wconf 85' lang='lat' dir='ltr'>quadam,</span> <span class='ocrx_word' id='word_1_80' title='bbox 838 1610 1008 1671; x_wconf 87' lang='lat' dir='ltr'>secundum</span> <span class='ocrx_word' id='word_1_81' title='bbox 1031 1629 1105 1672; x_wconf 89' lang='lat' dir='ltr'>cau-</span> 
     </span>
     <span class='ocr_line' id='line_1_13' title="bbox 98 1709 1105 1794; baseline 0 -19"><span class='ocrx_word' id='word_1_82' title='bbox 98 1731 207 1776; x_wconf 86' lang='lat' dir='ltr'>sarum</span> <span class='ocrx_word' id='word_1_83' title='bbox 230 1709 359 1774; x_wconf 83' lang='lat' dir='ltr'>fatalem</span> <span class='ocrx_word' id='word_1_84' title='bbox 383 1709 605 1773; x_wconf 78' lang='lat' dir='ltr'>continentiam</span> <span class='ocrx_word' id='word_1_85' title='bbox 627 1721 721 1794; x_wconf 86' lang='lat' dir='ltr'>atque</span> <span class='ocrx_word' id='word_1_86' title='bbox 747 1731 944 1774; x_wconf 86' lang='lat' dir='ltr'>connexum:</span> <span class='ocrx_word' id='word_1_87' title='bbox 973 1711 1105 1794; x_wconf 80' lang='lat' dir='ltr'>perinde</span> 
     </span>
     <span class='ocr_line' id='line_1_14' title="bbox 97 1812 1102 1896; baseline 0.001 -19"><span class='ocrx_word' id='word_1_88' title='bbox 97 1835 136 1878; x_wconf 88' lang='lat' dir='ltr'>ae</span> <span class='ocrx_word' id='word_1_89' title='bbox 163 1814 191 1877; x_wconf 90' lang='lat' dir='ltr'>si</span> <span class='ocrx_word' id='word_1_90' title='bbox 208 1812 404 1896; x_wconf 85' lang='lat' dir='ltr'>quisdicat,</span> <span class='ocrx_word' id='word_1_91' title='bbox 443 1833 514 1875; x_wconf 91' lang='lat' dir='ltr'>cum</span> <span class='ocrx_word' id='word_1_92' title='bbox 542 1812 646 1895; x_wconf 88' lang='lat' dir='ltr'>stirps</span> <span class='ocrx_word' id='word_1_93' title='bbox 664 1834 682 1876; x_wconf 81' lang='lat' dir='ltr'>a</span> <span class='ocrx_word' id='word_1_94' title='bbox 705 1813 810 1876; x_wconf 86' lang='lat' dir='ltr'>radice</span> <span class='ocrx_word' id='word_1_95' title='bbox 838 1825 944 1876; x_wconf 90' lang='lat' dir='ltr'>ortum</span> <span class='ocrx_word' id='word_1_96' title='bbox 965 1815 1102 1890; x_wconf 89' lang='lat' dir='ltr'>habeat,</span> 
     </span>
     <span class='ocr_line' id='line_1_15' title="bbox 98 1909 1106 2000; baseline -0.002 -20"><span class='ocrx_word' id='word_1_97' title='bbox 98 1937 169 1980; x_wconf 89' lang='lat' dir='ltr'>eam</span> <span class='ocrx_word' id='word_1_98' title='bbox 191 1909 275 2000; x_wconf 60' lang='lat' dir='ltr'>÷quae</span> <span class='ocrx_word' id='word_1_99' title='bbox 299 1914 407 1978; x_wconf 89' lang='lat' dir='ltr'>inde</span> <span class='ocrx_word' id='word_1_100' title='bbox 396 1935 428 1978; x_wconf 87' lang='grc' dir='ltr'>ιιι</span> <span class='ocrx_word' id='word_1_101' title='bbox 456 1933 565 1980; x_wconf 89' lang='lat' dir='ltr'>omues</span> <span class='ocrx_word' id='word_1_102' title='bbox 595 1926 733 1998; x_wconf 85' lang='lat' dir='ltr'>partes</span> <span class='ocrx_word' id='word_1_103' title='bbox 727 1915 911 1982; x_wconf 83' lang='lat' dir='ltr'>diffunditur</span> <span class='ocrx_word' id='word_1_104' title='bbox 940 1916 1106 1998; x_wconf 88' lang='lat' dir='ltr'>dispensa-</span> 
     </span>
     <span class='ocr_line' id='line_1_16' title="bbox 99 2017 1104 2102; baseline 0 -18"><span class='ocrx_word' id='word_1_105' title='bbox 99 2019 221 2084; x_wconf 89' lang='lat' dir='ltr'>tionem</span> <span class='ocrx_word' id='word_1_106' title='bbox 243 2031 275 2082; x_wconf 90' lang='lat' dir='ltr'>et</span> <span class='ocrx_word' id='word_1_107' title='bbox 289 2031 427 2082; x_wconf 89' lang='lat' dir='ltr'>mutuam</span> <span class='ocrx_word' id='word_1_108' title='bbox 446 2018 677 2082; x_wconf 87' lang='lat' dir='ltr'>connexionem</span> <span class='ocrx_word' id='word_1_109' title='bbox 694 2029 726 2080; x_wconf 92' lang='lat' dir='ltr'>et</span> <span class='ocrx_word' id='word_1_110' title='bbox 751 2019 908 2082; x_wconf 83' lang='lat' dir='ltr'>actionem</span> <span class='ocrx_word' id='word_1_111' title='bbox 929 2031 959 2082; x_wconf 89' lang='lat' dir='ltr'>et</span> <span class='ocrx_word' id='word_1_112' title='bbox 981 2017 1104 2102; x_wconf 87' lang='lat' dir='ltr'>passio-</span> 
     </span>
     <span class='ocr_line' id='line_1_17' title="bbox 99 2121 1105 2207; baseline -0.001 -21"><span class='ocrx_word' id='word_1_113' title='bbox 99 2144 173 2186; x_wconf 88' lang='lat' dir='ltr'>nem</span> <span class='ocrx_word' id='word_1_114' title='bbox 197 2142 265 2186; x_wconf 89' lang='lat' dir='ltr'>csse</span> <span class='ocrx_word' id='word_1_115' title='bbox 287 2121 550 2207; x_wconf 82' lang='lat' dir='ltr'>gubernationem</span> <span class='ocrx_word' id='word_1_116' title='bbox 571 2143 663 2183; x_wconf 89' lang='lat' dir='ltr'>unam</span> <span class='ocrx_word' id='word_1_117' title='bbox 684 2143 721 2182; x_wconf 86' lang='lat' dir='ltr'>ac</span> <span class='ocrx_word' id='word_1_118' title='bbox 740 2122 828 2183; x_wconf 90' lang='lat' dir='ltr'>velut</span> <span class='ocrx_word' id='word_1_119' title='bbox 845 2123 958 2183; x_wconf 87' lang='lat' dir='ltr'>Fatum</span> <span class='ocrx_word' id='word_1_120' title='bbox 984 2122 1105 2204; x_wconf 89' lang='lat' dir='ltr'>stirpis.</span> 
     </span>
     <span class='ocr_line' id='line_1_18' title="bbox 99 2223 1140 2308; baseline -0.003 -17"><span class='ocrx_word' id='word_1_121' title='bbox 99 2227 146 2291; x_wconf 82' lang='lat' dir='ltr'>At</span> <span class='ocrx_word' id='word_1_122' title='bbox 167 2226 305 2308; x_wconf 88' lang='lat' dir='ltr'>primum</span> <span class='ocrx_word' id='word_1_123' title='bbox 325 2224 420 2287; x_wconf 88' lang='lat' dir='ltr'>nimia</span> <span class='ocrx_word' id='word_1_124' title='bbox 435 2224 488 2287; x_wconf 88' lang='lat' dir='ltr'>illa</span> <span class='ocrx_word' id='word_1_125' title='bbox 508 2223 555 2286; x_wconf 83' lang='lat' dir='ltr'>vis</span> <span class='ocrx_word' id='word_1_126' title='bbox 577 2223 767 2287; x_wconf 88' lang='lat' dir='ltr'>necessitatis</span> <span class='ocrx_word' id='word_1_127' title='bbox 788 2243 824 2286; x_wconf 89' lang='lat' dir='ltr'>ae</span> <span class='ocrx_word' id='word_1_128' title='bbox 843 2223 915 2290; x_wconf 84' lang='lat' dir='ltr'>Fati</span> <span class='ocrx_word' id='word_1_129' title='bbox 935 2224 1017 2301; x_wconf 81' lang='lat' dir='ltr'>talis,</span> <span class='ocrx_word' id='word_1_130' title='bbox 1041 2225 1107 2288; x_wconf 86' lang='lat' dir='ltr'>hoo</span> <span class='ocrx_word' id='word_1_131' title='bbox 1134 2259 1140 2278; x_wconf 53' lang='grc' dir='ltr'>ι</span> 
     </span>
     <span class='ocr_line' id='line_1_19' title="bbox 81 2327 1156 2412; baseline -0.002 -20"><span class='ocrx_word' id='word_1_132' title='bbox 81 2327 204 2412; x_wconf 68' lang='grc' dir='ltr'>Ιἰρειιιιι</span> <span class='ocrx_word' id='word_1_133' title='bbox 227 2340 281 2392; x_wconf 88' lang='lat' dir='ltr'>est</span> <span class='ocrx_word' id='word_1_134' title='bbox 297 2349 360 2410; x_wconf 91' lang='lat' dir='ltr'>quo</span> <span class='ocrx_word' id='word_1_135' title='bbox 381 2327 505 2392; x_wconf 85' lang='lat' dir='ltr'>tollitur</span> <span class='ocrx_word' id='word_1_136' title='bbox 526 2327 641 2390; x_wconf 84' lang='lat' dir='ltr'>Fatum</span> <span class='ocrx_word' id='word_1_137' title='bbox 661 2339 693 2391; x_wconf 90' lang='lat' dir='ltr'>et</span> <span class='ocrx_word' id='word_1_138' title='bbox 713 2349 875 2389; x_wconf 88' lang='lat' dir='ltr'>causarum</span> <span class='ocrx_word' id='word_1_139' title='bbox 893 2327 990 2390; x_wconf 89' lang='lat' dir='ltr'>series</span> <span class='ocrx_word' id='word_1_140' title='bbox 1009 2338 1107 2411; x_wconf 86' lang='lat' dir='ltr'>atque</span> <span class='ocrx_word' id='word_1_141' title='bbox 1153 2369 1156 2380; x_wconf 68' lang='grc'><strong>«</strong></span> 
     </span>
     <span class='ocr_line' id='line_1_20' title="bbox 99 2429 1106 2510; baseline -0.004 -15"><span class='ocrx_word' id='word_1_142' title='bbox 99 2453 212 2494; x_wconf 86' lang='lat' dir='ltr'>nexus.</span> <span class='ocrx_word' id='word_1_143' title='bbox 258 2431 346 2494; x_wconf 87' lang='lat' dir='ltr'>Sicut</span> <span class='ocrx_word' id='word_1_144' title='bbox 373 2429 454 2492; x_wconf 86' lang='lat' dir='ltr'>eninr</span> <span class='ocrx_word' id='word_1_145' title='bbox 474 2429 531 2491; x_wconf 89' lang='lat' dir='ltr'>ubi</span> <span class='ocrx_word' id='word_1_146' title='bbox 551 2442 657 2510; x_wconf 88' lang='lat' dir='ltr'>partes</span> <span class='ocrx_word' id='word_1_147' title='bbox 684 2441 853 2493; x_wconf 85' lang='lat' dir='ltr'>moventur</span> <span class='ocrx_word' id='word_1_148' title='bbox 874 2433 1043 2493; x_wconf 88' lang='lat' dir='ltr'>secundum</span> <span class='ocrx_word' id='word_1_149' title='bbox 1073 2429 1106 2492; x_wconf 88' lang='lat' dir='ltr'>id</span> 
     </span>
     <span class='ocr_line' id='line_1_21' title="bbox 101 2523 1106 2619; baseline -0.002 -21"><span class='ocrx_word' id='word_1_150' title='bbox 101 2523 211 2619; x_wconf 85' lang='lat' dir='ltr'>quod</span> <span class='ocrx_word' id='word_1_151' title='bbox 202 2555 234 2596; x_wconf 82' lang='lat' dir='ltr'>nn</span> <span class='ocrx_word' id='word_1_152' title='bbox 249 2532 341 2598; x_wconf 87' lang='lat' dir='ltr'>nobis</span> <span class='ocrx_word' id='word_1_153' title='bbox 353 2531 528 2614; x_wconf 79' lang='lat' dir='ltr'>prtnctpale</span> <span class='ocrx_word' id='word_1_154' title='bbox 534 2544 600 2609; x_wconf 90' lang='lat' dir='ltr'>est</span> <span class='ocrx_word' id='word_1_155' title='bbox 626 2534 777 2595; x_wconf 87' lang='lat' dir='ltr'>absonum</span> <span class='ocrx_word' id='word_1_156' title='bbox 790 2525 830 2596; x_wconf 87' lang='lat' dir='ltr'>sit</span> <span class='ocrx_word' id='word_1_157' title='bbox 843 2533 947 2596; x_wconf 87' lang='lat' dir='ltr'>dicere</span> <span class='ocrx_word' id='word_1_158' title='bbox 959 2535 1041 2598; x_wconf 90' lang='lat' dir='ltr'>Fato</span> <span class='ocrx_word' id='word_1_159' title='bbox 1052 2555 1106 2596; x_wconf 84' lang='lat' dir='ltr'>eas</span> 
     </span>
     <span class='ocr_line' id='line_1_22' title="bbox 98 2635 1100 2720; baseline -0.004 -19"><span class='ocrx_word' id='word_1_160' title='bbox 98 2639 224 2701; x_wconf 90' lang='lat' dir='ltr'>moveri</span> <span class='ocrx_word' id='word_1_161' title='bbox 245 2638 335 2716; x_wconf 88' lang='lat' dir='ltr'>(Non</span> <span class='ocrx_word' id='word_1_162' title='bbox 361 2635 442 2699; x_wconf 89' lang='lat' dir='ltr'>enim</span> <span class='ocrx_word' id='word_1_163' title='bbox 468 2635 551 2708; x_wconf 86' lang='lat' dir='ltr'>aliud</span> <span class='ocrx_word' id='word_1_164' title='bbox 572 2647 620 2698; x_wconf 88' lang='lat' dir='ltr'>est</span> <span class='ocrx_word' id='word_1_165' title='bbox 641 2637 728 2720; x_wconf 86' lang='lat' dir='ltr'>quod</span> <span class='ocrx_word' id='word_1_166' title='bbox 745 2635 916 2700; x_wconf 88' lang='lat' dir='ltr'>motionem</span> <span class='ocrx_word' id='word_1_167' title='bbox 938 2635 1100 2718; x_wconf 85' lang='lat' dir='ltr'>imprimit,</span> 
     </span>
     <span class='ocr_line' id='line_1_23' title="bbox 100 2738 1103 2823; baseline -0.003 -19"><span class='ocrx_word' id='word_1_168' title='bbox 100 2741 189 2804; x_wconf 77' lang='lat' dir='ltr'>atiud·</span> <span class='ocrx_word' id='word_1_169' title='bbox 206 2742 293 2823; x_wconf 88' lang='lat' dir='ltr'>quod</span> <span class='ocrx_word' id='word_1_170' title='bbox 318 2761 386 2804; x_wconf 87' lang='lat' dir='ltr'>eam</span> <span class='ocrx_word' id='word_1_171' title='bbox 411 2738 563 2822; x_wconf 90' lang='lat' dir='ltr'>suscipit,</span> <span class='ocrx_word' id='word_1_172' title='bbox 603 2750 634 2802; x_wconf 92' lang='lat' dir='ltr'>et</span> <span class='ocrx_word' id='word_1_173' title='bbox 654 2739 729 2802; x_wconf 89' lang='lat' dir='ltr'>inde</span> <span class='ocrx_word' id='word_1_174' title='bbox 757 2740 907 2822; x_wconf 88' lang='lat' dir='ltr'>impeturn</span> <span class='ocrx_word' id='word_1_175' title='bbox 932 2750 1103 2816; x_wconf 89' lang='lat' dir='ltr'>mutuatur,</span> 
     </span>
     <span class='ocr_line' id='line_1_24' title="bbox 100 2835 1123 2925; baseline 0 -19"><span class='ocrx_word' id='word_1_176' title='bbox 100 2846 156 2906; x_wconf 89' lang='lat' dir='ltr'>sed</span> <span class='ocrx_word' id='word_1_177' title='bbox 177 2835 224 2906; x_wconf 83' lang='lat' dir='ltr'>est</span> <span class='ocrx_word' id='word_1_178' title='bbox 248 2841 326 2905; x_wconf 91' lang='lat' dir='ltr'>illud</span> <span class='ocrx_word' id='word_1_179' title='bbox 348 2841 484 2925; x_wconf 87' lang='lat' dir='ltr'>primum</span> <span class='ocrx_word' id='word_1_180' title='bbox 512 2845 595 2906; x_wconf 90' lang='lat' dir='ltr'>unde</span> <span class='ocrx_word' id='word_1_181' title='bbox 615 2853 764 2906; x_wconf 85' lang='lat' dir='ltr'>movetur</span> <span class='ocrx_word' id='word_1_182' title='bbox 786 2844 880 2923; x_wconf 89' lang='lat' dir='ltr'>crus)</span> <span class='ocrx_word' id='word_1_183' title='bbox 909 2842 979 2925; x_wconf 90' lang='lat' dir='ltr'>pari</span> <span class='ocrx_word' id='word_1_184' title='bbox 1008 2844 1123 2906; x_wconf 87' lang='lat' dir='ltr'>modo·</span> 
     </span>
     <span class='ocr_line' id='line_1_25' title="bbox 100 2944 1106 3030; baseline 0.001 -21"><span class='ocrx_word' id='word_1_185' title='bbox 100 2946 131 3009; x_wconf 91' lang='lat' dir='ltr'>in</span> <span class='ocrx_word' id='word_1_186' title='bbox 150 2946 320 3022; x_wconf 70' lang='lat' dir='ltr'>uniuerso,</span> <span class='ocrx_word' id='word_1_187' title='bbox 351 2945 378 3008; x_wconf 93' lang='lat' dir='ltr'>si</span> <span class='ocrx_word' id='word_1_188' title='bbox 392 2961 498 3008; x_wconf 75' lang='lat' dir='ltr'>&#39;unum</span> <span class='ocrx_word' id='word_1_189' title='bbox 519 2945 580 3007; x_wconf 91' lang='lat' dir='ltr'>erit</span> <span class='ocrx_word' id='word_1_190' title='bbox 599 2944 800 3021; x_wconf 90' lang='lat' dir='ltr'>universum,</span> <span class='ocrx_word' id='word_1_191' title='bbox 833 2957 865 3008; x_wconf 90' lang='lat' dir='ltr'>et</span> <span class='ocrx_word' id='word_1_192' title='bbox 881 2965 977 3030; x_wconf 84' lang='lat' dir='ltr'>agens</span> <span class='ocrx_word' id='word_1_193' title='bbox 996 2957 1028 3008; x_wconf 89' lang='lat' dir='ltr'>et</span> <span class='ocrx_word' id='word_1_194' title='bbox 1048 2967 1106 3029; x_wconf 86' lang='lat' dir='ltr'>pa·</span> 
     </span>
     <span class='ocr_line' id='line_1_26' title="bbox 100 3045 1124 3132; baseline 0 -20"><span class='ocrx_word' id='word_1_195' title='bbox 100 3050 180 3112; x_wconf 86' lang='lat' dir='ltr'>tiens</span> <span class='ocrx_word' id='word_1_196' title='bbox 204 3061 235 3112; x_wconf 89' lang='lat' dir='ltr'>et</span> <span class='ocrx_word' id='word_1_197' title='bbox 251 3071 316 3112; x_wconf 90' lang='lat' dir='ltr'>non</span> <span class='ocrx_word' id='word_1_198' title='bbox 342 3050 426 3124; x_wconf 88' lang='lat' dir='ltr'>tale,</span> <span class='ocrx_word' id='word_1_199' title='bbox 450 3060 486 3110; x_wconf 90' lang='lat' dir='ltr'>ut</span> <span class='ocrx_word' id='word_1_200' title='bbox 504 3046 588 3110; x_wconf 88' lang='lat' dir='ltr'>aliud</span> <span class='ocrx_word' id='word_1_201' title='bbox 610 3050 650 3109; x_wconf 86' lang='lat' dir='ltr'>ab</span> <span class='ocrx_word' id='word_1_202' title='bbox 669 3045 791 3110; x_wconf 84' lang='lat' dir='ltr'>alio-sit</span> <span class='ocrx_word' id='word_1_203' title='bbox 816 3067 877 3129; x_wconf 90' lang='lat' dir='ltr'>per</span> <span class='ocrx_word' id='word_1_204' title='bbox 894 3069 1003 3111; x_wconf 84' lang='lat' dir='ltr'>causas</span> <span class='ocrx_word' id='word_1_205' title='bbox 1024 3069 1124 3132; x_wconf 80' lang='lat' dir='ltr'>quae·</span> 
     </span>
     <span class='ocr_line' id='line_1_27' title="bbox 99 3149 1123 3234; baseline -0.001 -19"><span class='ocrx_word' id='word_1_206' title='bbox 99 3153 179 3215; x_wconf 84' lang='lat' dir='ltr'>aliae</span> <span class='ocrx_word' id='word_1_207' title='bbox 206 3155 245 3215; x_wconf 88' lang='lat' dir='ltr'>ab</span> <span class='ocrx_word' id='word_1_208' title='bbox 273 3149 339 3214; x_wconf 87' lang='lat' dir='ltr'>aliis</span> <span class='ocrx_word' id='word_1_209' title='bbox 363 3155 565 3215; x_wconf 88' lang='lat' dir='ltr'>reducantur.</span> <span class='ocrx_word' id='word_1_210' title='bbox 623 3151 692 3212; x_wconf 84' lang='lat' dir='ltr'>Iam</span> <span class='ocrx_word' id='word_1_211' title='bbox 721 3171 832 3212; x_wconf 88' lang='lat' dir='ltr'>verum</span> <span class='ocrx_word' id='word_1_212' title='bbox 861 3171 928 3213; x_wconf 89' lang='lat' dir='ltr'>nou</span> <span class='ocrx_word' id='word_1_213' title='bbox 957 3152 1018 3214; x_wconf 89' lang='lat' dir='ltr'>erit</span> <span class='ocrx_word' id='word_1_214' title='bbox 1047 3173 1123 3234; x_wconf 86' lang='lat' dir='ltr'>per·</span> 
     </span>
     <span class='ocr_line' id='line_1_28' title="bbox 101 3253 1146 3338; baseline -0.002 -19"><span class='ocrx_word' id='word_1_215' title='bbox 101 3275 211 3319; x_wconf 88' lang='lat' dir='ltr'>causas</span> <span class='ocrx_word' id='word_1_216' title='bbox 233 3255 338 3318; x_wconf 88' lang='lat' dir='ltr'>omnia</span> <span class='ocrx_word' id='word_1_217' title='bbox 356 3254 448 3317; x_wconf 86' lang='lat' dir='ltr'>fieri:</span> <span class='ocrx_word' id='word_1_218' title='bbox 483 3272 585 3336; x_wconf 89' lang='lat' dir='ltr'>neque</span> <span class='ocrx_word' id='word_1_219' title='bbox 600 3274 665 3318; x_wconf 86' lang='lat' dir='ltr'>—nos</span> <span class='ocrx_word' id='word_1_220' title='bbox 689 3253 805 3316; x_wconf 88' lang='lat' dir='ltr'>erimus</span> <span class='ocrx_word' id='word_1_221' title='bbox 826 3274 902 3330; x_wconf 90' lang='lat' dir='ltr'>nos,</span> <span class='ocrx_word' id='word_1_222' title='bbox 927 3275 1028 3338; x_wconf 90' lang='lat' dir='ltr'>neque</span> <span class='ocrx_word' id='word_1_223' title='bbox 1048 3254 1105 3318; x_wconf 51' lang='lat' dir='ltr'>ati.</span> <span class='ocrx_word' id='word_1_224' title='bbox 1141 3297 1146 3302; x_wconf 94' lang='lat'>-</span> 
     </span>
     <span class='ocr_line' id='line_1_29' title="bbox 99 3351 1125 3443; baseline -0.001 -20"><span class='ocrx_word' id='word_1_225' title='bbox 99 3360 189 3443; x_wconf 85' lang='lat' dir='ltr'>quod</span> <span class='ocrx_word' id='word_1_226' title='bbox 220 3379 300 3440; x_wconf 88' lang='lat' dir='ltr'>opus</span> <span class='ocrx_word' id='word_1_227' title='bbox 333 3351 495 3432; x_wconf 86' lang='lat' dir='ltr'>nostrum,</span> <span class='ocrx_word' id='word_1_228' title='bbox 536 3377 639 3440; x_wconf 89' lang='lat' dir='ltr'>neque</span> <span class='ocrx_word' id='word_1_229' title='bbox 668 3377 728 3420; x_wconf 90' lang='lat' dir='ltr'>nos</span> <span class='ocrx_word' id='word_1_230' title='bbox 761 3355 1007 3432; x_wconf 84' lang='lat' dir='ltr'>raticionamur‚</span> <span class='ocrx_word' id='word_1_231' title='bbox 1033 3361 1125 3422; x_wconf 86' lang='lat' dir='ltr'>¹sed-</span> 
     </span>
     <span class='ocr_line' id='line_1_30' title="bbox 99 3456 1106 3543; baseline 0 -18"><span class='ocrx_word' id='word_1_232' title='bbox 99 3472 211 3526; x_wconf 86' lang='lat' dir='ltr'>nostra</span> <span class='ocrx_word' id='word_1_233' title='bbox 240 3460 383 3525; x_wconf 84' lang='lat' dir='ltr'>consulta</span> <span class='ocrx_word' id='word_1_234' title='bbox 398 3478 401 3484; x_wconf 89' lang='lat'>·</span> <span class='ocrx_word' id='word_1_235' title='bbox 414 3456 540 3522; x_wconf 84' lang='lat' dir='ltr'>alterius</span> <span class='ocrx_word' id='word_1_236' title='bbox 568 3472 641 3523; x_wconf 88' lang='lat' dir='ltr'>sunt</span> <span class='ocrx_word' id='word_1_237' title='bbox 663 3458 880 3536; x_wconf 84' lang='lat' dir='ltr'>ratiocinatio,</span> <span class='ocrx_word' id='word_1_238' title='bbox 919 3479 1022 3543; x_wconf 91' lang='lat' dir='ltr'>neque</span> <span class='ocrx_word' id='word_1_239' title='bbox 1037 3481 1106 3527; x_wconf 73' lang='lat' dir='ltr'>,nos</span> 
     </span>
     <span class='ocr_line' id='line_1_31' title="bbox 99 3559 1105 3650; baseline -0.002 -22"><span class='ocrx_word' id='word_1_240' title='bbox 99 3564 244 3650; x_wconf 81' lang='lat' dir='ltr'>agimus,</span> <span class='ocrx_word' id='word_1_241' title='bbox 269 3585 334 3627; x_wconf 92' lang='lat' dir='ltr'>nou</span> <span class='ocrx_word' id='word_1_242' title='bbox 356 3559 455 3647; x_wconf 78' lang='lat' dir='ltr'>magis</span> <span class='ocrx_word' id='word_1_243' title='bbox 475 3583 568 3646; x_wconf 84' lang='lat' dir='ltr'>quam</span> <span class='ocrx_word' id='word_1_244' title='bbox 590 3565 685 3644; x_wconf 89' lang='lat' dir='ltr'>pedes</span> <span class='ocrx_word' id='word_1_245' title='bbox 706 3563 887 3639; x_wconf 72' lang='lat' dir='ltr'>caleitmmt,</span> <span class='ocrx_word' id='word_1_246' title='bbox 911 3584 984 3625; x_wconf 89' lang='lat' dir='ltr'>cum</span> <span class='ocrx_word' id='word_1_247' title='bbox 999 3583 1058 3626; x_wconf 90' lang='lat' dir='ltr'>nos</span> <span class='ocrx_word' id='word_1_248' title='bbox 1073 3564 1105 3627; x_wconf 92' lang='lat' dir='ltr'>id</span> 
     </span>
     <span class='ocr_line' id='line_1_32' title="bbox 100 3661 1105 3749; baseline -0.002 -17"><span class='ocrx_word' id='word_1_249' title='bbox 100 3667 233 3732; x_wconf 85' lang='lat' dir='ltr'>iacimus</span> <span class='ocrx_word' id='word_1_250' title='bbox 248 3689 307 3749; x_wconf 90' lang='lat' dir='ltr'>per</span> <span class='ocrx_word' id='word_1_251' title='bbox 320 3678 427 3748; x_wconf 85' lang='lat' dir='ltr'>partes</span> <span class='ocrx_word' id='word_1_252' title='bbox 439 3661 554 3729; x_wconf 87' lang='lat' dir='ltr'>nostri.</span> <span class='ocrx_word' id='word_1_253' title='bbox 589 3665 690 3747; x_wconf 88' lang='lat' dir='ltr'>Atqui</span> <span class='ocrx_word' id='word_1_254' title='bbox 710 3676 840 3749; x_wconf 86' lang='lat' dir='ltr'>oportet</span> <span class='ocrx_word' id='word_1_255' title='bbox 857 3669 1105 3749; x_wconf 88' lang='lat' dir='ltr'>unumquodque</span> 
     </span>
     <span class='ocr_line' id='line_1_33' title="bbox 101 3767 1125 3854; baseline 0 -21"><span class='ocrx_word' id='word_1_256' title='bbox 101 3791 171 3834; x_wconf 89' lang='lat' dir='ltr'>esse</span> <span class='ocrx_word' id='word_1_257' title='bbox 186 3772 434 3854; x_wconf 87' lang='lat' dir='ltr'>unumquodque</span> <span class='ocrx_word' id='word_1_258' title='bbox 450 3781 481 3832; x_wconf 91' lang='lat' dir='ltr'>et</span> <span class='ocrx_word' id='word_1_259' title='bbox 498 3767 636 3832; x_wconf 84' lang='lat' dir='ltr'>actiones</span> <span class='ocrx_word' id='word_1_260' title='bbox 649 3789 716 3831; x_wconf 89' lang='lat' dir='ltr'>esse</span> <span class='ocrx_word' id='word_1_261' title='bbox 732 3781 868 3847; x_wconf 89' lang='lat' dir='ltr'>nostras,</span> <span class='ocrx_word' id='word_1_262' title='bbox 894 3769 1104 3854; x_wconf 83' lang='lat' dir='ltr'>cogitationes</span> <span class='ocrx_word' id='word_1_263' title='bbox 1115 3801 1125 3820; x_wconf 57' lang='grc' dir='ltr'>ι</span> 
     </span>
     <span class='ocr_line' id='line_1_34' title="bbox 99 3871 1127 3954; baseline -0.002 -18"><span class='ocrx_word' id='word_1_264' title='bbox 99 3895 169 3936; x_wconf 87' lang='lat' dir='ltr'>esse</span> <span class='ocrx_word' id='word_1_265' title='bbox 183 3885 335 3948; x_wconf 81' lang='lat' dir='ltr'>nostras,</span> <span class='ocrx_word' id='word_1_266' title='bbox 363 3885 394 3936; x_wconf 90' lang='lat' dir='ltr'>et</span> <span class='ocrx_word' id='word_1_267' title='bbox 410 3873 560 3954; x_wconf 87' lang='lat' dir='ltr'>cuiusque</span> <span class='ocrx_word' id='word_1_268' title='bbox 576 3871 714 3935; x_wconf 84' lang='lat' dir='ltr'>actiones</span> <span class='ocrx_word' id='word_1_269' title='bbox 730 3873 830 3935; x_wconf 86' lang='lat' dir='ltr'>bonas</span> <span class='ocrx_word' id='word_1_270' title='bbox 841 3891 887 3934; x_wconf 41' lang='lat' dir='ltr'>,ac</span> <span class='ocrx_word' id='word_1_271' title='bbox 900 3873 1011 3936; x_wconf 72' lang='lat' dir='ltr'>foedas</span> <span class='ocrx_word' id='word_1_272' title='bbox 1035 3893 1127 3942; x_wconf 51' lang='lat' dir='ltr'>esse,</span> 
     </span>
     <span class='ocr_line' id='line_1_35' title="bbox 39 3974 1125 4061; baseline -0.002 -21"><span class='ocrx_word' id='word_1_273' title='bbox 39 4029 43 4049; x_wconf 85' lang='lat'><em>.</em></span> <span class='ocrx_word' id='word_1_274' title='bbox 97 3977 211 4061; x_wconf 86' lang='lat' dir='ltr'>ipsius,</span> <span class='ocrx_word' id='word_1_275' title='bbox 229 3987 260 4040; x_wconf 93' lang='lat' dir='ltr'>et</span> <span class='ocrx_word' id='word_1_276' title='bbox 269 3997 336 4039; x_wconf 86' lang='lat' dir='ltr'>non</span> <span class='ocrx_word' id='word_1_277' title='bbox 346 3974 498 4040; x_wconf 89' lang='lat' dir='ltr'>universo</span> <span class='ocrx_word' id='word_1_278' title='bbox 510 3974 607 4040; x_wconf 83' lang='lat' dir='ltr'>tribui</span> <span class='ocrx_word' id='word_1_279' title='bbox 616 3993 723 4038; x_wconf 87' lang='lat' dir='ltr'>rerum</span> <span class='ocrx_word' id='word_1_280' title='bbox 734 3974 874 4057; x_wconf 80' lang='lat' dir='ltr'>turpium</span> <span class='ocrx_word' id='word_1_281' title='bbox 890 3975 1101 4051; x_wconf 78' lang='lat' dir='ltr'>effectionem.</span> <span class='ocrx_word' id='word_1_282' title='bbox 1120 4011 1125 4026; x_wconf 83' lang='lat'><strong>·</strong></span> 
     </span>
    </p>
   </div>
   <div class='ocr_carea' id='block_1_3' title="bbox 0 0 1368 4758">
    <p class='ocr_par' dir='ltr' id='par_1_5' title="bbox 0 0 1368 4758">
     <span class='ocr_line' id='line_1_36' title="bbox 0 0 1368 4758; baseline 0 0"><span class='ocrx_word' id='word_1_283' title='bbox 0 0 1368 4758; x_wconf 95' lang='lat' dir='ltr'> </span> 
     </span>
    </p>
   </div>
  </div>
 </body>
</html>
