2728 4758
1053 405 1114 468 237

116 569 222 631 nosne
247 577 422 648 potestate,
453 566 572 632 mimae
593 567 685 630 simul
705 569 869 634 essentiam
891 571 974 636 tolli.
1017 573 1114 639 Nosti

115 682 217 734 antem
232 669 318 734 cuius
331 669 457 732 scholae
468 669 564 733 suerit
575 670 773 752 Simplicius,
798 676 946 757 quodque
969 696 1010 738 ex
1026 677 1115 740 Aca,

4 809 6 832 2
115 773 235 836 demico
254 772 344 836 fonte
370 793 461 855 quam
486 773 655 836 lautissime
675 773 838 851 hauserit,
878 779 950 840 dum
978 780 1113 844 Ammo·

79 949 80 954 η
114 876 198 940 nium
244 887 276 938 et
316 863 516 938 Daniascium
553 876 696 940 Platonis
746 877 935 961 interpretes
982 882 1113 946 audivit.
1161 897 1163 904 '

115 978 364 1060 olympiodorus
399 989 500 1040 autern
532 978 564 1041 in
602 977 845 1044 Commentariis
877 983 909 1045 in
932 985 1113 1070 Gorgiam:

113 1080 321 1158 effoeminati,
344 1081 466 1166 inquit,
490 1081 584 1144 animi
605 1094 673 1158 cst,
698 1082 725 1146 si
746 1084 815 1167 quis
844 1086 948 1149 omnia
969 1077 1113 1152 necessa·

111 1185 161 1250 rio
184 1183 257 1250 fieri
277 1183 434 1248 existimet
461 1187 631 1248 secundum
657 1185 789 1263 Fatum,
827 1187 911 1250 nihil
937 1201 1040 1253 autern
1072 1213 1114 1254 ex

111 1288 282 1372 proposito
302 1299 428 1353 nostro.
472 1288 550 1373 Noli
568 1285 666 1365 enim,
690 1289 807 1373 iuquit,
833 1291 1000 1370 arbitrari,
1024 1297 1113 1376 quod

110 1391 373 1475 praesentatum
398 1391 482 1454 mori
501 1413 566 1456 uon
586 1391 710 1474 possis:
743 1403 836 1475 potes
863 1394 964 1472 enim,
989 1395 1016 1458 si
1032 1417 1111 1478 pro.

80 1499 83 1506 '
109 1495 248 1577 positum
274 1494 438 1580 coegerit,
473 1495 625 1579 siquidem
643 1507 675 1559 et
700 1495 815 1559 Fatum
835 1489 974 1580 ipsnma
999 1499 1119 1581 provi-¹

110 1599 212 1662 dentis
240 1600 368 1681 pendet.
424 1599 544 1662 Iterum
572 1619 654 1662 vero
681 1599 713 1664 in
742 1599 850 1663 iisdem
880 1601 1111 1666 commentariis

4 1706 39 1776 ²,
108 1702 227 1766 inducit
258 1701 463 1766 Ammonium
490 1713 694 1779 statuentem,
733 1707 820 1786 quod
855 1715 959 1777 motus
992 1706 1111 1769 animae

23 1893 28 1899 .
68 1851 74 1858 r
108 1817 299 1889 spontaneus
325 1802 397 1868 Fati
429 1805 515 1889 leges
541 1805 645 1870 vineat
672 1805 720 1868 his
747 1806 866 1870 verbis.
911 1810 986 1892 Ego
1014 1809 1108 1886 euim,

107 1909 226 1994 iuquit,
263 1908 342 1972 novi
364 1907 525 1985 homines,
564 1907 618 1992 qui
648 1900 797 1992 quantum
823 1913 862 1972 ad
885 1911 1110 1997 Astrologiam

106 2015 225 2078 habent
249 2012 452 2093 horoscopus
480 2011 714 2088 adulterorum,
750 2023 781 2074 et
805 2023 909 2076 tamen
932 2025 1110 2097 temperan-

107 2130 154 2184 tes
181 2128 276 2194 suut,
314 2113 458 2178 vincente
481 2113 625 2176 nimirum
646 2113 749 2177 libero
774 2116 884 2180 mentis
906 2129 1006 2181 motu.
1066 2121 1110 2182 Et

106 2222 137 2286 n
161 2218 401 2306 commentans
421 2201 460 2282 rn'
479 2217 675 2282 annuum
714 2237 754 2282 ex
791 2219 851 2282 un
880 2219 943 2283 uei
969 2219 1109 2285 interro-

107 2324 290 2411 gationibus
314 2320 435 2396 enasci,
474 2323 561 2404 quod
578 2321 662 2384 vitae
682 2322 764 2384 ratio
782 2323 952 2385 secundum
978 2324 1108 2389 electio-

105 2448 176 2492 ucm
202 2429 279 2503 fiat,
306 2445 371 2488 uon
393 2445 473 2488 vero
498 2425 681 2487 necessitate
706 2437 854 2509 cogente.
898 2425 985 2490 Dicit
1006 2426 1106 2502 enim;
1139 2420 1142 2427 ’

104 2531 135 2596 in
161 2530 319 2608 consiliis,
355 2532 399 2609 (et
416 2528 536 2610 reputit
560 2527 641 2590 idem
658 2527 690 2592 in
712 2528 901 2610 Republica)
923 2530 1016 2613 culpa
1049 2531 1106 2594 eli-

105 2635 208 2721 gentis
230 2647 295 2713 est,
319 2633 407 2698 Deus
425 2651 505 2698 vero
529 2632 652 2696 insons.
695 2631 739 2694 Et
753 2631 879 2698 iterum.
925 2633 998 2701 Vos
1019 2631 1106 2698 Dac-

103 2759 230 2804 monem
256 2737 398 2824 eligetis,
432 2757 497 2800 non
523 2755 602 2800 vero
633 2735 778 2800 Daemon
799 2755 859 2799 vos
885 2735 1002 2822 eliget:
1033 2737 1117 2800 ‘Est

104 2844 186 2906 cuim
217 2843 251 2905 in
277 2841 371 2905 vobis
398 2838 555 2904 eiusmodi·
582 2838 666 2901 vitae
697 2837 852 2902 rationem
878 2838 1014 2924 eligerc3
1037 2841 1108 2903 sed

103 2947 158 3010 ubi
195 2944 364 3030 eligeritis,
401 2964 466 3007 non
494 2942 556 3006 iam
585 2941 719 3004 liberum
748 2952 796 3004 est
822 2941 929 3006 facere
955 2958 1035 3026 quae
1065 2964 1109 3006 ex*

103 3048 251 3114 haesita
274 3058 521 3131 consequuntur,
545 3046 602 3107 sed
630 3042 850 3107 necessarium.
895 3044 992 3108 Nosti
1012 3067 1105 3112 uero

100 3149 258 3218 Proclum
273 3149 374 3237 'etiarn
396 3152 428 3214 in
454 3147 625 3215 Elementis
653 3144 860 3232 Theologicis
876 3145 993 3210 ‹dicere
1018 3151 1110 3230 quod
1177 3137 1181 3142 ’
1278 3134 1281 3139 ’

101 3255 191 3320 Deus
206 3273 272 3315 =res
305 3253 522 3336 contingentes
547 3251 728 3317 necessario
765 3250 860 3328 sciat,
900 3261 994 3333 atquo
1023 3252 1104 3314 adeo

100 3365 152 3422 re's
179 3355 398 3440 contingentes
428 3375 514 3432 esse,
552 3357 746 3431 concedere,
791 3352 994 3420 Ammonium
1023 3357 1107 3418 vero

100 3463 211 3525 iisdem
235 3457 343 3522 verbis
376 3456 464 3542 quasi
499 3478 540 3519 ex
568 3457 763 3528 lemmatibus
788 3455 986 3520 Iamblicheis
1012 3477 1104 3518 usum

101 3586 189 3642 csse,
212 3564 268 3626 ubi
288 3560 512 3637 Aristotelem,
542 3560 575 3622 in
596 3561 679 3625 libro
707 3563 745 3624 dc
771 3558 1038 3642 Interpretatione
1064 3563 1103 3623 de
1155 3631 1158 3638 ,
1243 3559 1259 3589 ’·
1299 3559 1304 3566 ’

101 3669 305 3753 contingente
337 3665 518 3747 loquentem
558 3663 796 3744 interpretatur.
856 3663 947 3744 eros
977 3662 1104 3745 quidem

101 3773 179 3834 tales
197 3782 365 3852 tantosque
390 3769 476 3831 viros
502 3787 567 3830 non
597 3777 713 3828 temere
739 3766 808 3846 quis
837 3766 901 3830 levi
928 3786 1027 3847 opera
1049 3786 1102 3827 rc-

46 3958 48 3964 ,
101 3877 248 3958 darguat.
294 3873 327 3935 Si
356 3872 453 3956 igitur
480 3873 521 3935 ad
547 3871 627 3933 haec
654 3888 781 3952 quoquc
809 3871 1003 3950 respondere
1032 3869 1123 3950 pler
1194 3884 1201 3899 ⁸

100 3977 216 4056 cuerit,
240 3995 341 4060 neque
352 3987 417 4041 tam
429 3975 690 4054 laborem-tuum,
716 3972 961 4057 qnam-fructum
976 3993 1098 4048 eorum,
