2758 4760
1058 379 1116 446 137
1150 373 1151 378 ἵ

112 555 204 640 nium·
221 555 329 617 ¹rerum
361 555 497 618 felicium
527 569 579 618 ant
608 557 668 619 sibi
698 570 750 619 aut
775 558 847 622 Deo
878 573 1003 619 causant
1029 554 1117 616 attri-

110 659 229 730 buunt;
252 658 283 720 in
305 661 444 721 adversis
470 681 548 735 vero
572 660 684 722 Fatum
706 661 870 722 inclamant
892 672 923 722 et
945 658 1112 722 criminan-

111 770 175 822 tur.
222 761 302 824 Sunt
322 773 487 842 praeterea
512 757 637 844 quidam
663 764 942 847 praestigiatores,
967 761 1021 844 quii
1045 783 1114 821 cnm

110 863 315 926 multitudinis
338 865 580 930 imbecillitatem
603 869 640 927 de
660 867 741 930 Fato
762 866 1052 939 animadverterint,
1085 875 1116 924 et

109 967 257 1030 iudicium
281 989 391 1030 eorum
410 989 488 1050 quae
507 969 589 1031 Fato
608 969 704 1043 fiunt,
728 969 907 1031 facilitatem
922 969 995 1030 item
1017 967 1114 1048 ipsius

108 1070 210 1150 plebis
240 1093 280 1132 ex
313 1092 421 1133 aurore
450 1072 498 1134 sui
523 1084 733 1147 contractam,
769 1085 800 1134 et
822 1093 901 1154 quae
927 1070 1039 1132 nullius
1066 1069 1113 1130 rei

109 1161 262 1236 honestae
280 1173 339 1236 sibi
366 1175 493 1237 conscia
512 1173 569 1250 sit,
605 1185 639 1236 ut
660 1175 870 1256 comprobent
896 1174 1033 1238 omnium
1064 1193 1114 1234 er-

107 1288 251 1339 ratorum
276 1278 389 1340 Fatum
415 1277 602 1358 culpandum
628 1299 714 1353 esse,
751 1299 841 1342 omne
865 1280 952 1359 qnod
977 1276 1012 1336 fit
1031 1277 1112 1337 Fato

107 1380 179 1442 fieri
201 1380 418 1461 pronuntiant.
473 1381 585 1444 Artem
610 1402 737 1464 quoque
767 1380 919 1443 eiusmodi
944 1379 1111 1452 simulant,

107 1505 169 1565 qua
194 1485 385 1568 profitentur
414 1483 517 1546 omnia
539 1505 619 1566 quae
644 1505 775 1567 quoqito
797 1486 893 1546 modo
922 1483 1028 1544 futura
1054 1480 1115 1542 sint

106 1586 261 1668 praesciri
280 1597 373 1668 atque
396 1587 536 1668 praedici
552 1609 674 1669 posse,
698 1609 792 1670 quitum
815 1585 890 1648 nihil
914 1607 1024 1648 eornm
1046 1583 1112 1646 sine

6 1717 10 1756 i
105 1689 293 1752 necessitate
318 1691 454 1772 quadam
475 1690 530 1751 fiat
555 1693 641 1774 qrrod
663 1691 776 1753 Fatum
801 1700 930 1752 vocant:
989 1689 1033 1750 Et
1058 1689 1112 1748 ad·
1196 1725 1199 1730 -

105 1791 193 1855 scitis
233 1792 327 1856 sociis
363 1803 395 1855 et
437 1793 649 1868 adiutoribus,
701 1793 755 1874 qui
780 1792 872 1854 etiam
898 1789 996 1872 ipsius
1034 1790 1109 1852 artis

105 1883 252 1958 auctores
275 1907 372 1974 sunt,
408 1899 560 1959 seducunt
592 1919 628 1958 ae
655 1896 813 1978 decipiunt
845 1895 986 1959 homines
1016 1915 1109 1976 quam

103 1998 279 2081 plurimos,
303 1999 334 2062 in
359 1999 596 2062 circumstantiis
619 2011 650 2061 et
672 1999 896 2060 calamitatibus
921 1999 1008 2078 ipsos
1034 1999 1112 2060 ado-

105 2103 243 2177 rientes,
283 2101 337 2183 qui
371 2104 602 2183 propemodum
637 2114 827 2182 precantur,
876 2113 912 2162 ut
943 2100 975 2162 id
1002 2100 1045 2161 ita
1080 2119 1113 2160 se

106 2207 224 2266 habere
254 2217 415 2285 appareat.
460 2205 556 2284 Quod
585 2204 808 2267 consuetudine
841 2206 975 2286 quadam
998 2215 1029 2264 et
1052 2223 1111 2262 usu

106 2307 192 2369 circa
225 2303 293 2370 res'
312 2307 489 2382 eiusmodi,
528 2319 559 2369 et
584 2309 752 2371 collatione
782 2305 1108 2389 contemplationeque

106 2410 340 2474 consecutionis
358 2410 391 2472 in
405 2409 519 2472 talibus
541 2411 636 2474 rebus
647 2411 778 2473 faciunt.
822 2410 1014 2474 Praedicunt
1029 2408 1109 2470 enim

106 2515 260 2598 quaedam
282 2515 447 2576 commode
473 2526 504 2575 et
532 2513 695 2598 ingeniose
722 2535 849 2589 eornm,
888 2534 969 2595 quae
999 2532 1111 2575 eonse—
1205 2521 1207 2525 ’

15 2659 16 2662 ¹
105 2627 238 2698 quanter
259 2616 296 2678 iis
316 2616 370 2699 qui
387 2616 429 2678 ita
446 2619 583 2692 habent,
607 2617 713 2679 sutura
733 2630 821 2692 sunt,
846 2615 938 2698 idque
961 2627 1108 2698 tanquam

107 2731 236 2782 exarte
267 2719 351 2782 circa
377 2719 491 2782 Fatum
511 2721 554 2782 ita
576 2741 643 2782 esse
664 2717 880 2801 pronuntiant.
926 2721 969 2785 Et
993 2739 1112 2780 merce-

107 2825 161 2884 des
188 2844 252 2886 non
280 2843 396 2904 paucas
421 2806 483 2903 pro
508 2823 562 2884 tali
584 2845 736 2904 peruersa
769 2836 835 2886 arte
867 2821 1039 2905 eolligunt:
1074 2820 1113 2882 li-

103 2927 216 2988 benter
239 2925 319 2987 enim
338 2928 422 3002 dant,
447 2925 501 3008 qui
517 2912 732 3006 eaperiuntur,
752 2938 898 3007 tanquam
914 2924 1109 2986 adiutoribus

105 3049 143 3089 ac
173 3028 393 3092 defensoribus
430 3029 637 3111 propriorum
666 3050 824 3092 errorum.
893 3028 1014 3107 Quibus
1049 3027 1113 3088 suis
1152 3019 1153 3026 ¹

104 3130 198 3214 nugis
222 3133 338 3194 bonam
356 3132 517 3196 hominum
538 3144 660 3214 partem
682 3135 883 3214 deceperunt,
909 3131 962 3214 qui
977 3142 1111 3211 propter

105 3233 286 3296 socordiam
325 3255 477 3316 quaerere
519 3234 789 3317 praetermittunt,
843 3254 979 3316 quonam
1017 3234 1113 3295 modo

45 3329 49 3338 ¹
103 3338 183 3398 haee
200 3337 355 3412 babeant,
384 3349 415 3400 et
440 3338 509 3420 quis
529 3342 609 3404 ordo
631 3340 703 3402 Fati
718 3339 751 3400 in
773 3338 917 3412 entibus,
954 3347 988 3398 ut
1007 3334 1109 3398 omnia

105 3441 275 3502 secundum
291 3441 404 3502 Fatum
422 3441 491 3503 fieri
513 3442 666 3504 dicantur.
712 3443 835 3503 Verum
863 3462 958 3523 quum
984 3461 1047 3502 non
1066 3436 1114 3500 illi

104 3545 252 3627 quidem,
278 3543 331 3626 qui
349 3567 548 3628 summopere
568 3547 680 3608 Fatum
696 3545 864 3620 invocant,
889 3543 920 3606 in
935 3541 1111 3605 actionibus

103 3647 186 3710 vitae
218 3633 321 3710 omnia
348 3648 408 3729 ipsi
437 3650 518 3711 Fato
553 3652 682 3710 credere
721 3647 866 3710 videntur
910 3645 1002 3726 (satis
1029 3643 1111 3705 enim

105 3749 243 3813 ostendit
264 3750 380 3812 veritas
405 3772 460 3813 eos
483 3751 537 3834 qui
555 3751 634 3822 salsa
656 3753 808 3827 credunt,
833 3750 893 3814 sibi
914 3739 1121 3832 repugnate)¹

105 3875 166 3916 nos
191 3852 296 3936 igitur·
319 3853 410 3916 altius
430 3857 524 3917 dileto
547 3855 681 3918 exordio
702 3855 809 3917 videre
830 3876 889 3936 par
907 3863 975 3926 est,
1018 3869 1114 3932 quae·
1191 3891 1192 3898 κ

103 3978 174 4020 nam
199 3956 239 4018 sit
263 3967 374 4018 natura
400 3957 487 4033 Fati,
527 3969 558 4022 et
585 3958 617 4035 in
645 3957 757 4042 quibus
791 3969 822 4018 et
847 3977 940 4039 quam
973 3951 1132 4016 diu‘vim
