2804 4762
1125 424 1148 466 V

140 569 321 645 editionis
342 557 509 646 Aldinae
530 570 666 671 prioris
695 568 800 666 (nam
826 571 867 648 in
894 567 1012 649 altera
1036 573 1148 650 Libri

140 691 191 764 de
208 689 345 784 anima,
361 691 501 789 quibus
519 691 767 768 continentur
781 694 875 770 haec
890 694 1031 794 capita,
1057 692 1149 769 licet
1226 763 1228 766 .

138 808 183 883 in
224 809 336 884 titulo
375 810 670 910 promittantur,
716 837 797 887 non
822 813 1071 913 comparent.)
1106 813 1150 889 in

141 927 286 1026 quibus
318 927 538 1006 Alexander
571 956 678 1005 suam
717 936 781 1008 vel
819 933 946 1034 potius
979 931 1150 1030 magistri

139 1047 202 1121 sui
226 1048 441 1124 Aristotelis
466 1051 515 1126 de
530 1051 626 1125 Fato
652 1037 878 1128 sententiam
895 1049 1053 1129 brevius
1068 1051 1151 1151 qui·

140 1167 254 1261 dem,
293 1169 360 1252 sed
385 1171 491 1255 haud
511 1173 643 1270 paullo
670 1171 807 1246 clarius
838 1185 877 1247 et
901 1171 1068 1246 lucidius
1091 1197 1152 1246 ex-

138 1288 292 1386 posuit,
319 1315 436 1387 quam
460 1288 504 1366 in
528 1290 675 1366 maiore
694 1291 797 1366 libro
818 1281 1149 1390 ad'Imperatores.
1209 1331 1213 1338 ·

138 1405 251 1482 Alter
278 1405 414 1482 Codex
444 1433 522 1507 quo
553 1409 611 1482 uti
638 1410 790 1503 licebat,
828 1423 883 1486 est
908 1409 1151 1486 Monacensis

139 1529 207 1602 vel
224 1526 354 1625 potius
379 1527 586 1626 Exemplar
610 1529 802 1604 Editionis
824 1528 989 1604 Aldinae
1013 1527 1151 1636 prioris

139 1643 184 1719 in
212 1644 457 1720 Bibliotheca
486 1645 607 1744 Regia
638 1648 864 1723 Monaceusi
897 1661 1150 1740 asservatum,

140 1763 206 1837 cu'i
239 1763 302 1839 vir
335 1763 470 1838 doctus
504 1765 663 1862 aliquis,
707 1767 789 1840 sive
817 1765 848 1839 is
874 1767 1150 1872 fueritPetrus

27 1953 32 1958 ,
141 1881 342 1958 Victorius
358 1883 440 1959 sive
453 1883 537 1982 quis
554 1885 672 1978 alius,
699 1909 788 1960 curn
813 1886 1069 1964 correctiones
1086 1884 1151 1958 Al-

142 2001 257 2078 dinae
274 2001 493 2102 posterioris
516 2015 599 2078 tum
618 2003 709 2078 alias
734 2003 918 2080 lectiones
939 2004 1044 2079 haud
1062 2030 1150 2077 con·

142 2123 372 2196 te'mnendas
386 2121 429 2195 in
449 2121 621 2218 margine
645 2123 854 2221 adscripsit
894 2123 1015 2196 Cuius
1038 2121 1151 2196 codi-

142 2241 197 2315 cis
232 2251 408 2341 excerpta
444 2263 599 2314 mecum
638 2239 941 2346 communicarit
962 2234 1153 2318 Xaverius
1201 2298 1206 2307 .

91 2441 100 2454 ⁶
138 2360 355 2436 Werferus·
379 2363 401 2438 ὁ
425 2366 649 2464 ’μακαρίτης
681 2362 811 2461 paucis
845 2373 934 2438 ante
952 2361 1150 2470 ”omuibus

138 2480 338 2555 literarum
349 2480 624 2554 humaniorum
638 2481 850 2555 cultoribus
864 2480 1152 2555 acerbissimum

139 2625 255 2672 suum
282 2595 435 2673 obitum
460 2599 777 2677 hebdomadibus.
828 2598 931 2687 Cum
958 2599 1061 2674 enim
1082 2624 1152 2698 per

138 2716 268 2792 literas
289 2717 348 2791 illi
365 2717 567 2816 gratissimi
591 2718 709 2793 animi
736 2743 843 2796 sensa
866 2717 1057 2793 testificari
1077 2719 1156 2793 vel·
1220 2789 1222 2792 .

139 2839 240 2930 lem,
268 2839 368 2912 eheu
394 2837 508 2912 tristis
529 2838 689 2912 nuntius
710 2839 760 2910 ad
779 2863 842 2912 me
864 2837 996 2930 rediit,
1013 2835 1153 2910 'virum

142 2949 408 3032 doctissimum
430 2970 468 3032 et
491 2939 810 3030 humarussim-um
827 2981 859 3032 re
882 2955 980 3034 rivis
1007 2954 1152 3030 exiisse.

219 3076 302 3150 Nec
348 3075 475 3149 minus
518 3075 702 3152 iuverunt
743 3099 807 3186 me
848 3073 891 3148 in
915 3057 1153 3149 Alexandro

145 3195 387 3272 emendando
417 3193 586 3268 subsidia
612 3193 710 3294 typis
736 3193 935 3292 impressa,
964 3191 1154 3289 equibus

141 3316 270 3416 primo
281 3297 283 3303 '
296 3318 385 3387 loco
403 3313 604 3413 ponendae
634 3324 747 3387 erunt
763 3311 949 3386 editi-ones
974 3311 1073 3386 duae
1089 3311 1155 3382 Al-

142 3435 270 3528 diuae,
291 3433 414 3533 prima
435 3457 537 3505 anno
560 3431 789 3519 1534a1tera
814 3427 905 3507 1536
920 3453 1057 3505 excusa
1082 3429 1153 3524 (1),

190 3727 237 3806 (1)
261 3725 386 3790 Prioris
408 3724 514 3788 titulus
538 3735 604 3788 est:
632 3699 706 3789 'Te
726 3724 785 3794 τοῦ
812 3720 987 3810 Θεμιστίου
1004 3715 1150 3812 Ἐυφριὶ-
1181 3743 1187 3752 ·
1301 3739 1303 3752 “

147 3833 227 3908 ὁρας
249 3819 391 3908 ἅπαντα,
411 3829 562 3894 τουτέστι
581 3821 801 3917 παράφρασις
822 3832 878 3892 καὶ
899 3819 1001 3910 λόγοι.
1019 3819 1152 3904 'diagri-

147 3933 248 4021 νδρου
280 3926 520 4022 ’Λφροόισιὲώς
535 3923 538 3930 ’
554 3935 625 4020 περὶ
657 3932 767 4022 ψυχῆς
799 3928 913 4014 βιβλία
944 3923 1002 3994 δύο
1031 3931 1086 3992 καὶ
1117 3919 1163 3992 iv·
