2728 4758
1017 367 1019 372 ·
1046 330 1104 392 199

106 515 237 570 ornnes,
269 496 299 558 in
323 515 399 578 quas
422 495 536 558 medias
559 497 659 560 anima
682 498 827 574 devenit,
852 511 1036 573 versantur,
1060 500 1103 560 ita

106 611 139 662 ιιι
162 598 263 662 anima
285 599 436 682 quaedam
457 610 530 683 agat
552 611 686 681 propter
715 599 784 675 illa,
823 601 972 666 nonnulla
1004 621 1102 676 vero,

107 723 243 785 quiorum
265 701 333 782 ipsa
355 713 401 764 est
423 712 556 783 potens,
587 714 660 787 agat
678 722 742 784 =pro
765 724 823 773 suo
846 704 991 768 arbitrio.
1037 703 1106 767 Po·

106 815 174 867 tens
199 825 278 870 vero
301 813 348 866 est
369 825 476 867 rerum
495 804 633 887 plurium
655 827 690 870 ea
713 827 793 889 quae
815 809 899 870 bona
923 818 989 879 est;
1025 827 1105 888 pau·

108 907 229 970 ciorum
251 928 331 990 quae
352 906 498 989 improba
520 918 580 970 est.
635 908 725 989 Quae
754 909 834 972 enim
857 908 1003 991 corporis
1026 921 1106 972 tem-

44 1027 50 1041 ·
107 1021 274 1091 peraturae
297 1009 394 1084 cedit,
426 1031 525 1093 eaque
548 1022 579 1073 et
601 1011 826 1093 concupiscere
848 1024 879 1074 et
900 1011 994 1076 irasci
1016 1010 1107 1096 cogi·
1169 1073 1173 1082 ,

107 1125 177 1189 tur,
202 1117 312 1196 estque
334 1125 387 1176 aut
408 1123 592 1196 paupertate
614 1114 756 1190 abiecta,
781 1125 834 1177 aut
855 1113 969 1178 divitiis
992 1136 1105 1197 super·

110 1218 171 1293 ba,
197 1225 250 1280 aut
272 1216 392 1280 viribus
409 1215 595 1306 imperiosa.
620 1216 665 1280 At
686 1215 733 1278 his
757 1216 901 1280 omnihus
923 1216 1058 1299 opponit
1074 1239 1110 1280 se

110 1339 190 1402 quae
211 1318 340 1403 ingenio
356 1329 403 1382 est
417 1321 518 1395 bona,
543 1329 704 1402 mutatque
725 1319 825 1405 magis
847 1318 901 1382 illa
924 1340 1017 1403 quam
1039 1319 1108 1402 ipsa

111 1432 264 1497 mittatur,
295 1420 338 1484 ita
359 1432 395 1484 ιιι
423 1423 576 1504 quaedam
597 1421 756 1509 corrigat,
788 1423 939 1506 quaedam
960 1421 1041 1486 sinat
1061 1421 1110 1488 ire

104 1525 179 1606 ,ipsa
202 1519 270 1590 vitii
291 1545 419 1606 expers.
664 1521 667 1531 ’

176 1731 363 1798 Necessaria
391 1744 462 1808 sumt
490 1731 587 1817 igitur
619 1731 672 1798 illa
702 1753 782 1817 quae
812 1745 982 1828 nascuntur
1004 1755 1044 1798 ex
1067 1732 1114 1797 di·

117 1837 200 1900 lectu
221 1845 253 1898 et
273 1835 421 1899 fortuna:
461 1835 546 1916 Quid
567 1834 649 1898 euim
670 1836 732 1900 sint
754 1836 860 1929 aliud?
883 1837 1037 1913 Omnibus
1060 1857 1115 1900 au-

116 1953 178 2002 tem
201 1938 302 2002 causis
323 1938 416 2002 simul
444 1937 587 2002 assumtis
616 1939 695 2002 fiunt
717 1939 822 2003 omnia
841 1938 1063 2006 inevitabiliter
1083 1939 1115 2002 in

117 2044 211 2106 rebus
235 2041 393 2122 externis,
430 2053 462 2104 ct
490 2040 581 2104 iniis
605 2041 748 2116 omnibus
771 2063 850 2125 quae
873 2040 1117 2113 circumactione

117 2143 243 2208 caelesti
265 2144 452 2208 efficiuntur.
497 2139 562 2207 tui
581 2143 680 2228 igitur
695 2143 795 2208 anima
814 2145 854 2206 ab
869 2143 1008 2210 externis
1022 2145 1118 2206 rebus

116 2259 234 2311 mutata
266 2246 383 2332 aliquid
411 2246 525 2324 efficit,
563 2257 616 2310 aut
639 2267 710 2310 cum
737 2235 826 2312 motu
855 2247 990 2329 appetit,
1029 2245 1118 2330 quasi

120 2371 215 2415 cacco
237 2362 326 2414 utens
349 2349 485 2431 impetu,
509 2349 648 2415 nonilla
670 2349 752 2414 actio
775 2361 829 2413 aaut
850 2347 943 2413 animi
965 2347 1118 2414 constitu-

120 2455 165 2518 tio
188 2465 303 2537 sponte
324 2464 471 2535 suscepta
492 2451 621 2516 dicenda
644 2465 713 2530 est,
742 2474 801 2516 nce
823 2470 894 2516 cum
915 2452 984 2534 ipsa
1005 2473 1064 2536 per
1085 2471 1120 2514 se

116 2555 214 2640 >peior
245 2555 359 2618 effecta
384 2576 450 2619 non
477 2554 571 2620 rectis
592 2553 625 2619 in
648 2567 813 2639 posterum
833 2576 936 2638 neque
957 2554 1038 2618 hene
1060 2577 1120 2640 gu·

119 2657 260 2722 bernatis
284 2657 385 2721 utitur
401 2658 595 2742 appetituum
617 2659 822 2724 motionibus.
866 2658 913 2722 At
933 2657 988 2721 ubi
1009 2678 1047 2721 ea
1068 2679 1123 2720 ra-

6 2847 10 2858 .
119 2760 238 2825 tionem
261 2759 375 2844 accipit
395 2761 443 2825 sui
465 2761 717 2847 gubernatricem
744 2783 857 2844 puram
885 2773 978 2846 atque
1005 2759 1124 2843 imper-

120 2867 297 2941 turbatam,
336 2875 367 2928 et
395 2885 433 2928 ca
461 2866 540 2928 duce
570 2863 711 2948 appetit,
750 2886 787 2928 ea
815 2868 937 2936 demum
967 2863 1124 2947 appetitus

121 2967 222 3032 motio
256 2965 316 3032 dici
345 2967 438 3030 debet
470 2988 539 3030 esse
571 2968 603 3030 in
635 2978 745 3032 nostra
773 2957 930 3050 potestate
957 2978 989 3030 et
1009 2978 1125 3049 sponte
1211 3033 1215 3041 ,

123 3081 288 3153 suscepta,
313 3081 345 3133 ct
365 3071 429 3133 hoc
450 3090 517 3132 csse
538 3081 683 3135 nostrum
707 3091 788 3152 opus
812 3071 899 3152 quod
920 3091 985 3134 non
1004 3069 1127 3132 aliunde

123 3173 227 3250 venit,
262 3175 317 3236 sed
346 3173 385 3236 ab
406 3171 517 3238 intimo
540 3171 659 3237 animae
681 3193 781 3256 purae
804 3193 821 3234 a
842 3170 999 3255 principio
1021 3171 1126 3254 primo
1155 3213 1156 3218 κ

121 3275 321 3361 praesidente
354 3297 392 3337 ac
421 3274 572 3353 domino,
611 3297 675 3340 nou
703 3287 806 3339 autem
834 3296 877 3339 ex
905 3273 1006 3339 anima
1032 3275 1127 3358 ignc-

66 3373 81 3438 .“
123 3379 225 3444 nantia
247 3381 395 3461 decepta,
421 3389 473 3442 aut
496 3378 619 3444 devicta
639 3401 698 3463 per
714 3361 917 3460 cupiditatum
932 3375 1125 3452 violentiam,

128 3503 209 3568 quae
232 3481 287 3546 ubi
314 3468 381 3546 eant
410 3494 626 3563 occuparunt,
665 3492 790 3564 raptant
819 3502 887 3544 eam
916 3502 954 3543 ac
982 3479 1128 3557 trahunt,

128 3609 189 3654 nec
210 3586 293 3652 ultra
315 3605 411 3670 agere
433 3605 492 3649 nos
515 3583 636 3661 sinunt,
664 3587 720 3649 sed
741 3583 806 3668 pati
829 3594 960 3668 coguut.

242 3685 246 3692 ’
606 3691 653 3752 Χ.

183 3795 271 3858 'Hoc
292 3791 390 3877 igitur
413 3804 460 3855 est
484 3795 568 3876 quod
590 3792 620 3857 in
644 3814 792 3870 stimnmm
815 3813 919 3856 sermo
940 3802 1048 3854 noster
1064 3789 1130 3852 col·

129 3899 222 3986 legit,
265 3898 368 3963 omnia
398 3910 464 3963 tum
496 3897 586 3975 fieri,
626 3907 691 3959 tum
719 3894 887 3979 significari
916 3916 974 3978 per
997 3915 1127 3967 causas,
