2758 4760
1059 382 1118 442 lm
1199 346 1212 358 ’

122 576 154 617 se
176 549 222 616 illi
244 552 404 635 privantes
427 547 564 614 incidunt
583 550 617 613 in
639 555 758 632 poenas
779 562 820 616 *et
848 550 1005 633 supplicia.
1031 552 1118 634 ipsos

85 667 87 672 “
119 655 270 720 mutantia
289 653 321 718 in
343 653 554 718 conditionem
577 651 704 718 naturae
727 673 800 718 snae
824 665 1064 751 congruentem.

185 1177 276 1241 Hace
287 1175 384 1260 igitur
398 1192 468 1235 cum
481 1193 522 1235 ex
537 1163 753 1237 comrnuuibus
765 1188 796 1238 et
807 1192 871 1238 non
888 1177 1047 1259 corruptis
1057 1178 1122 1240 ani·

120 1301 247 1345 morum
267 1276 450 1343 notionibus
472 1297 531 1358 per
553 1297 586 1340 se
608 1278 736 1359 pateant
745 1307 760 1354 ,⁴
779 1290 810 1358 pt
830 1278 865 1340 in
879 1278 1001 1369 decinit)
1017 1279 1123 1363 legum

121 1385 206 1448 libro
240 1378 412 1462 (Platonis)
442 1380 610 1462 perspicue
643 1383 920 1458 demonstrentur,
958 1371 1027 1444 lieri
1060 1369 1134 1444 non·

119 1497 228 1569 potest
248 1493 284 1547 ut
306 1495 359 1548 aut
378 1482 528 1568 ignorent
551 1469 661 1548 nostra
682 1483 754 1560 Dii,
793 1496 848 1548 aut
871 1467 1061 1548 indefinitam
1083 1487 1123 1548 de

121 1590 160 1654 iis
182 1589 318 1656 habeant
340 1585 500 1666 notitiam,
531 1598 678 1671 tauquam
701 1587 913 1652 coniectantes
935 1587 1122 1651 defuturis.

121 1693 266 1757 Primum
287 1691 369 1752 enim
390 1689 471 1754 sieut
494 1681 641 1754 Timaeus
663 1711 722 1754 uos
745 1691 869 1766 docuit,
905 1691 1025 1773 etipse
1047 1690 1124 1754 Ari-

121 1795 253 1859 stoteles
276 1795 314 1856 de
335 1792 449 1856 divinis
472 1813 568 1877 agens
591 1793 792 1876 pronuntiat,
818 1805 849 1856 et
872 1806 943 1857 aute
965 1793 1025 1857 bes
1043 1795 1125 1860 Par·

122 1898 280 1973 manuleo,
312 1917 376 1960 non
399 1899 483 1979 apud
503 1895 672 1960 Platonem
694 1909 829 1973 tantum,
864 1899 920 1960 sed
941 1896 1025 1960 etin
1047 1915 1126 1978 pro-

122 2000 201 2086 priis
234 1999 442 2079 carminibus:
488 2000 563 2062 nihil
592 2012 640 2062 est
668 2003 753 2082 apud
772 2001 870 2064 'Deos
900 2012 954 2064 aut
982 2011 1126 2062 exactum

124 2117 177 2167 aut
203 2105 367 2194 futurum,
401 2123 504 2184 neque
530 2104 645 2166 horum
675 2104 806 2166 alterum
827 2115 943 2186 potest
956 2103 1017 2165 diei
1038 2123 1128 2177 esse,

122 2207 196 2290 quiin
218 2206 297 2269 illud
317 2227 381 2267 non
403 2205 485 2267 ultra
507 2205 563 2280 sit,
588 2207 652 2269 boe
674 2227 753 2270 vero
775 2196 936 2281 nondum,
960 2206 1037 2268 illud
1059 2225 1126 2266 mn-
1199 2233 1204 2242 .

124 2324 225 2374 tatum
246 2309 326 2383 iam,
364 2307 428 2372 hoe
455 2297 659 2390 inpronimo
681 2323 716 2374 ut
735 2321 886 2373 mittetur.
932 2308 1023 2372 'falia
1046 2307 1127 2370 enim

123 2416 160 2479 iis
183 2395 238 2496 qui
259 2409 384 2494 semper
405 2423 478 2474 sunt
500 2425 530 2474 et
545 2415 749 2480 mutationem
762 2435 802 2477 ue
815 2415 987 2499 cogitando
1003 2412 1128 2496 quidem
1145 2461 1149 2470 .

124 2518 282 2599 recipiunt
310 2513 480 2578 attribuere
513 2517 679 2580 absonum·
738 2519 879 2582 Necesse
907 2529 956 2581 est
987 2517 1068 2581 enim
1097 2516 1129 2578 id

125 2623 212 2705 quod
234 2617 363 2682 omnino
386 2629 434 2682 est
454 2618 645 2682 immutabile
668 2599 830 2687 antecedat
858 2641 925 2684 rem
958 2621 1129 2703 quamlibet
1162 2698 1182 2723 ῃ
1264 2600 1268 2616 ’

124 2734 317 2797 mutantem,
354 2731 389 2782 ut
411 2741 447 2784 ea
469 2735 590 2788 mutans
608 2736 746 2786 rnaneat.
792 2725 992 2804 Quare-eum
1014 2723 1130 2786 nitran

119 2825 233 2892 onmia
251 2815 399 2906 principii
419 2826 556 2890 habeant
578 2827 752 2902 rationem,
789 2849 859 2890 nou*
880 2837 988 2908 potest
1014 2825 1129 2888 inillis
1216 2909 1219 2914 Δ
1252 2877 1253 2880 ,

127 2943 179 2994 aut
201 2929 407 3012 praeteritum
429 2929 565 3013 eogitari
589 2941 644 2994 aut
671 2930 831 3003 futurum
868 2932 924 2992 sed
952 2928 1069 2994 omnia·
1085 2929 1129 2990 eis

125 3035 157 3098 in
180 3051 246 3098 uno
261 3050 350 3110 ‚nilne
372 3044 528 3114 perpetuo
551 3044 623 3094 sunt
645 3033 818 3108 collocata,
858 3053 930 3094 eum
951 3044 1129 3112 temporum

127 3155 276 3200 mensura
295 3131 365 3198 'runa
395 3157 465 3200 eum
488 3135 638 3199 Universi
665 3133 756 3198 huius
786 3136 940 3198 exstantia
968 3135 1127 3215 eoeperit,

127 3242 237 3323 eisque
253 3238 328 3302 solis
345 3237 538 3306 dimetiendis
567 3237 611 3304 sit
629 3251 702 3322 apta
716 3259 795 3322 quae
817 3241 986 3311 seeundum
1008 3250 1130 3316 tempus

128 3365 219 3407 suain
240 3344 356 3404 habent
379 3353 431 3404 aut
454 3339 659 3408 constantiam
681 3355 734 3406 aut
758 3342 986 3424 operationem.
1043 3341 1131 3420 Qua-

128 3459 266 3530 propter
298 3457 329 3508 et
359 3446 500 3531 cognitio
529 3446 749 3512 coniecturalis
781 3445 878 3530 longe
907 3465 925 3507 a
952 3443 1020 3507 Diis
1049 3445 1130 3506 rele-

130 3551 255 3636 ganda,
291 3561 323 3612 et
353 3553 391 3612 ad
417 3550 543 3612 infimos
572 3551 650 3612 lines
674 3550 757 3612 vitae
778 3548 938 3612 rationalis
961 3544 1132 3611 deiicienda

130 3667 190 3716 est.
250 3655 293 3716 Et
316 3656 478 3735 quomodo
507 3654 605 3738 igitur
633 3669 672 3716 eo
702 3654 861 3716 veniemus
893 3652 1129 3727 immodestiae,

130 3769 165 3818 ut
188 3768 333 3837 putemus
356 3765 414 3819 nos
443 3757 508 3818 eius
538 3757 727 3841 cognitionis
750 3779 829 3840 quae
859 3759 941 3839 apud
964 3757 1051 3819 Deos
1086 3767 1133 3816 est

132 3879 200 3920 esse
223 3857 411 3942 participes,
450 3861 526 3922 nihil
554 3860 582 3922 ei
610 3861 748 3935 valentes
777 3862 926 3942 tribuere
945 3862 1016 3942 plus
1039 3879 1134 3940 quam
1201 3883 1204 3890 ·
1250 3841 1255 3882 χ’

104 4021 108 4028 x
133 3973 283 4038 nostrae,
322 3983 392 4025 euin
415 3973 446 4025 et
461 3961 550 4038 'illam
571 3964 701 4028 facimus
731 3962 855 4027 dubiam
878 3976 908 4026 et
929 3961 1131 4042 indefinitam.
