2758 4760
245 349 322 457 ίει·

240 555 370 654 γνώμης
392 559 498 647 δεξιά,
530 567 586 632 καί
603 559 705 659 ταύτῃ
728 559 858 657 συνωδά
880 560 924 636 τά
946 560 1039 655 παρά
1063 559 1252 652 τῆςτύχης,

242 669 288 745 εἰς
309 667 446 746 ἑαυτούς
466 669 592 755 μᾶλλον
616 663 638 748 ἢ
659 666 718 748 τὴν
747 669 943 758 ίιμαρμίνην
968 665 1026 750 την
1051 663 1161 734 ἀιτίαν
1189 670 1253 734 τῶν

239 774 437 858 γιγνομένων
476 765 688 837 ἀνάπτουσιν.
737 767 857 836 ’Ἁλλοι
889 767 920 836 6
958 766 1000 836 66
1032 773 1096 836 τῶν
1128 768 1156 850 ⁸)
1191 776 1252 857 μέν

240 873 350 953 δεξιῶν
371 867 525 940 ἀπάντων
544 868 570 954 ’ἢ
591 869 727 951 ἑαυτούς
753 868 777 954 ἢ
801 871 838 938 τὸ
857 876 955 941 θεῖον
976 865 1164 953 ἀιτιῶνται,
1201 875 1253 940 ἐπὶ

240 976 275 1040 δὲ
299 981 368 1053 τοῖς
388 977 533 1066 χείροσιν
558 977 755 1062 ἐπιβοῶνται
777 973 836 1058 τὴν
856 978 1061 1066 ίιμοιρμένην.
1106 970 1197 1042 Ἕισλ
1219 978 1256 1042 δέ
1335 1021 1336 1026 1

239 1102 324 1156 τινες
341 1083 398 1144 καὶ
414 1073 529 1164 γόητες
546 1073 740 1176 άνθρωποι,
762 1075 795 1146 ὁί
813 1104 898 1157 τινες
917 1073 1181 1160 κατανοήσαντες
1195 1075 1254 1159 τὴν

239 1180 304 1247 τῶν
328 1183 465 1258 πολλῶν,
491 1177 671 1250 ἀσθένειαν
695 1187 767 1274 περὶ
803 1179 862 1263 τὴν
891 1185 949 1265 τῆς
975 1184 1169 1272 έιμαρμένης
1198 1186 1256 1248 καὶ

239 1284 304 1350 τῶν
321 1279 390 1350 κατ’
419 1280 523 1366 ἀυτὴν
539 1289 736 1372 γιγνομένων
756 1285 884 1377 κρίσιν,
912 1291 968 1353 καὶ
991 1283 1031 1352 τὸ
1052 1280 1169 1376 ῥᾴδιον
1193 1279 1256 1353 ἀυ-Ι

239 1385 302 1452 τῶν
317 1382 373 1452 διά
391 1389 571 1478 φιλαυτίαν
587 1395 643 1454 καὶ
665 1385 703 1454 τὸ
724 1391 826 1476 μηδὲν
843 1383 959 1484 ἀυτοῖςΙ
972 1394 1116 1456 συνεῖναι
1132 1384 1256 1469 δεξιὸν,

238 1484 322 1610 πρὸς
338 1490 447 1557 πίστιν
469 1491 527 1556 τοῦ
544 1485 675 1558 πάντων
695 1492 759 1558 τῶν
773 1486 1051 1582 ἁμαρτανομένων
1064 1487 1123 1572 τὴν
1138 1493 1256 1613 έιμαρ-

239 1595 337 1675 μένην
358 1588 608 1673 αἰτιᾶσθαι,
588 1593 833 1692 ἀποφαίνονται
853 1594 920 1662 πῶν
938 1590 976 1660 τὸ
994 1588 1186 1716 γιγνόμενον
1204 1594 1256 1680 γί

237 1698 385 1811 γνεσθαι
399 1691 514 1762 καθΗ
498 1700 711 1819 ειμαρμένην,
732 1701 788 1764 καὶ
807 1700 918 1785 τέχνην
932 1692 1164 1818 ύποκρίνονταί
1178 1722 1255 1764 τινα
1269 1781 1271 1786 Ι

239 1791 417 1879 τοιαύτην,
453 1794 535 1866 καθ’
570 1793 610 1881 ἢν
636 1805 742 1893 φασιν
773 1795 838 1867 ὁῐοί
866 1823 900 1872 τε
928 1802 1012 1868 εῖναι
1036 1795 1146 1868 πάντα
1170 1825 1254 1891 προ·

238 1896 429 2016 γιγνώσκειν
458 1927 492 1968 τε
525 1907 581 1969 καὶ
605 1899 827 1994 προμηνύσειν
854 1899 897 1970 τά
925 1899 1073 1981 ὁπωςούν
1099 1897 1256 1991 ἐσόμενα,

238 2026 284 2093 τῳ
269 2000 452 2090 μηδὲν
432 2005 540 2072 αυτῶν
567 2005 748 2092 γίγνεσθαι
772 2011 872 2098 χωρὶς
898 2001 1041 2092 ἀνάγκης
1067 2002 1171 2085 τινὸς,
1212 2000 1257 2088 ἢν

239 2106 435 2197 ίιμοιρμένην
464 2111 612 2194 λέγουσι·
645 2115 701 2175 καὶ
726 2104 884 2196 λαβόντες
910 2105 1065 2196 βοηθούς
1092 2104 1171 2187 τούς
1197 2118 1256 2180 καὶ

238 2207 299 2290 τῆς
319 2212 432 2297 τέχνης
452 2206 559 2278 ἀυτῶν
575 2207 717 2292 ἀπίους,
739 2208 964 2279 ἀναπείθουσι
985 2207 1061 2290 τούς
1082 2212 1257 2290 πλείστους

239 2311 304 2378 τῶν
318 2307 523 2401 ἀνθρώπων,
546 2313 579 2380 ἐν
593 2321 666 2392 ταῖς
680 2310 909 2406 περιστάσεσιν
930 2311 1044 2392 ἀυτοῐς
1065 2316 1256 2402 ἐπιτιθέμε-

240 2439 293 2482 νοι
303 2417 359 2482 καὶ
373 2421 447 2493 ταῖς
464 2423 654 2510 συμφοραῖς
660 2412 762 2506 μόνον
773 2414 832 2484 ούκ
844 2419 1027 2506 εὐχομένοις
1038 2414 1134 2484 τοῦθ’
1149 2412 1258 2495 ύύτως

239 2513 314 2603 ἔχον
338 2519 503 2610 φανῆναι,
535 2514 623 2587 κατά
649 2546 724 2588 τινα
751 2515 868 2612 τριβήν
891 2545 925 2586 τε
949 2525 1005 2587 καὶ
1028 2524 1102 2610 περὶ
1122 2516 1167 2586 τά
1183 2543 1256 2586 τοι-

240 2619 327 2686 αῦτα
346 2615 475 2690 σύνεσιν
496 2624 525 2703 9)
551 2624 685 2705 καὶτῆς
707 2626 741 2691 ἐν
765 2632 834 2701 τοῖς
854 2617 1019 2700 τοιούτοις
1044 2618 1256 2702 ἀκολουθίας

238 2722 390 2811 θεωρίαν
421 2728 634 2815 προλέγοντες
666 2720 828 2813 ἐυοτύχως
854 2723 930 2793 τινά
954 2727 1019 2792 τῶν
1051 2729 1122 2804 τοῖς
1147 2720 1256 2805 ὁύτως

237 2823 367 2914 ἔχουσιν
384 2822 583 2906 ἀκολούθως
598 2829 772 2915 ἐσομένων,
794 2824 836 2906 ῶς
852 2825 893 2910 δὴ
909 2825 993 2896 τοῦτ’
1011 2830 1046 2894 ἐκ
1062 2829 1121 2909 τῆς
1139 2831 1255 2916 τέχνης

235 2930 296 3010 τῆς
316 2933 390 3020 περὶ
411 2926 470 3011 τὴν
491 2932 687 3022 ἑιμαρμένην
708 2934 855 3017 λέγοντες
875 2927 1025 3018 μισθούς
1046 2926 1105 2997 ούκ
1120 2927 1254 3018 ὀλίγους

178 3059 180 3066 s
236 3026 318 3122 ὑπὲρ
354 3032 412 3113 τῆς
441 3029 598 3116 τοιαύτης
630 3035 840 3122 κακοτεχνίας
871 3037 1052 3120 ἐκλέγοντες
1058 3085 1068 3116 ,
1104 3029 1254 3122 ἀσμένως

236 3128 351 3252 ἀρτοῑς
372 3136 435 3202 τῶν
454 3139 659 3258 παραμένων
677 3133 832 3204 διδόντων
850 3131 893 3215 ῶς
912 3139 1060 3222 βοηθοῖς
1075 3143 1132 3204 καὶ
1150 3160 1251 3218 σννη-

187 3309 192 3324 J
234 3231 350 3328 γύροις
374 3239 438 3306 τῶν
467 3236 591 3306 οἰκείων
613 3234 868 3360 ἁμαρτημάτων.
915 3240 954 3306 Οἱ
979 3245 1035 3306 καί
1059 3237 1137 3318 τούς
1161 3241 1252 3308 πλεί·

237 3363 336 3420 οτους
363 3343 427 3410 τῶν
451 3337 639 3434 ἀνθρώπων
668 3338 939 3426 ἀναπεπείκασι,
956 3338 996 3410 δι’
1027 3338 1146 3434 ἀργίαν
1166 3339 1251 3435 ἀρε

233 3445 352 3528 μένους
374 3446 436 3512 τοῦ
460 3469 606 3526 οκοπειν,
643 3437 707 3526 ὅπη
729 3451 809 3512 ποτὲ
837 3447 944 3514 ταύτα
965 3444 1046 3534 ἔχει,
1079 3450 1135 3512 καὶ
1158 3471 1206 3524 τις
1226 3473 1248 3528 η

234 3540 358 3626 τάξις’
342 3569 375 3613 εν
393 3553 463 3626 τοῖς
481 3544 557 3614 ἀύσι
577 3548 635 3628 τῆς
607 3549 867 3638 ηέιμαρμὲνης,
888 3543 997 3616 πάντα
1015 3545 1058 3615 τά
1071 3543 1249 3637 γιγνόμενα

233 3642 316 3714 καθ’
344 3649 541 3742 ίιμαρμὲνην
559 3642 737 3735 γίγνεσθαι
758 3655 872 3737 λέγειν.
910 3647 999 3720 Ἀλλ’
1024 3649 1133 3734 ἐπειδὴ
1162 3655 1247 3739 μηδὲ

234 3752 266 3816 οί
289 3744 377 3820 πάνυ
399 3751 459 3835 τὴν
485 3754 681 3843 ίιμαρμίνην
706 3748 919 3842 ἐπιβοώμενοι
941 3756 975 3822 ἐν
993 3762 1067 3833 ταῖς
1083 3750 1168 3822 κατά
1188 3752 1248 3822 τὸν

233 3852 308 3937 βίον
330 3850 484 3946 πράξεσιν
509 3858 609 3950 ἐκείνη
639 3858 817 3949 φαίνονται
840 3851 950 3924 πάντα
980 3861 1246 3937 πεπιστευκέναι,

231 3952 366 4037 (ἱκανὸν
403 3955 469 4048 γάρ
500 3956 651 4042 τάληθὲς
683 3963 888 4047 μαχομένους
921 3955 1042 4038 ἀετούς
1072 3955 1246 4054 ἀποφῆναι
