2804 4762
168 427 312 495 *³6

268 584 517 692 προηγουμένως
539 598 567 681 ὅ)
589 594 654 666 ὑπό
676 599 733 680 τῆς
754 594 908 691 φύσεως,Ι
922 594 992 666 ἄλλ’
1017 594 1057 666 οὗ
1072 594 1142 665 κατ’
1158 599 1277 665 ἐπακο-

262 698 429 790 ·λοόθημά
449 727 482 768 τι
503 706 566 767 καί1
580 696 764 788 σύμπτωμα
785 706 855 780 τοῖς
876 703 1127 792 προηγουμένως
1147 704 1276 788 γινομέ

263 819 337 883 ’νοις
357 806 497 892 γίνοιτο,
520 798 696 889 συνάγοιτο
719 799 760 870 άν
782 799 820 870 τό
842 799 889 890 μὴ
912 794 943 882 ⁴)
965 804 1049 869 έίναι
1069 798 1179 891 μάτην
1195 800 1278 881 1τοὺς

261 903 470 999 ῖάνθρώπους
500 900 751 992 βουλευτικοός.’
796 897 872 971 Ὅτι
905 907 941 970 δὲ
974 902 1013 970 τὸ
1045 902 1275 990 βουλεύεσθαι

265 1004 391 1097 μάτην,
423 1004 553 1076 πάντων
573 1011 748 1096 γινομένων
769 1007 803 1090 ἐξ
822 1002 983 1094 ἀνάγκης,
1002 1004 1137 1098 ’ῥᾴδιον
1156 1011 1278 1095 γνολναι

258 1108 326 1193 τὴν
353 1112 413 1178 τοῦ
439 1106 667 1196 βουλεύεσθαι
702 1112 816 1201 χρείαν
855 1106 988 1176 εἰδόσιν.
1047 1106 1278 1198 Ὁμολογεῖται

258 1217 303 1281 θὲ
325 1215 355 1296 5)
376 1211 459 1305 πρὸς
476 1208 651 1293 εἰπόντων,
672 1201 712 1278 τό
733 1213 798 1280 τῶν
819 1208 929 1280 ἄλλων
950 1207 1040 1294 ζόων
1060 1209 1118 1280 τόν
1139 1210 1278 1306 άνθρω-

258 1335 329 1384 ῑπον
350 1313 444 1440 παρὰ
465 1315 524 1397 τῆς
546 1310 779 1436 φόσεωςέγειν
800 1318 915 1395 πλέον,
936 1311 976 1380 τό
996 1309 1042 1401 μη
1065 1310 1186 1404 ὁμοίως
1199 1317 1279 1383 ἐκεί-

266 1445 337 1499 νοις
358 1425 432 1498 ταῖς
450 1418 655 1512 φαντασίαις
676 1419 839 1498 ἕπεσθαι,
876 1412 989 1482 άλλ’”
970 1441 1053 1504 εχειν
1073 1443 1143 1506 παρ
1173 1415 1278 1501 ἀυτῆς

261 1517 381 1613 κριτὴν
400 1523 465 1587 τόν
485 1519 756 1642 προςπαττουσῶν
785 1514 816 1600 6)
845 1521 1040 1613 φαντασιῶν
1071 1523 1145 1612 περί
1180 1545 1278 1589 τινων

255 1621 310 1703 -ὡς
324 1619 477 1715 άιρετιῖνν,
497 1619 556 1690 τόν
570 1610 734 1713 λόγον,
707 1649 733 1686 ω
723 1615 926 1742 γρόμενρς,
948 1623 977 1688 έι
991 1628 1051 1744 μὲν
1066 1620 1278 1748 ἐξεταζόμενα

265 1724 309 1794 τά
336 1718 646 1820 φαντασθέντα,“
629 1728 686 1790 οἷα
714 1747 775 1804 την
804 1719 908 1846 ἀργὴν
936 1719 1063 1816 ἐφάνη,
1100 1733 1157 1794 καὶ
1185 1727 1277 1808 ἔστι,

266 1828 551 1917 συγκατατίθεταί
576 1851 612 1894 τε
639 1827 680 1920 τῇ
708 1828 900 1918 φαντασία,
936 1831 992 1893 καὶ
1021 1823 1106 1895 όιίτω
1133 1833 1278 1916 μέτεισιν

255 1928 368 2000 κλυτά·
391 1934 419 2000 ἐι
442 1933 478 1998 δὲ
500 1925 621 1997 ἀλλοῖα
635 1928 808 2020 φαίνεται,
830 1934 886 1994 καλ
908 1924 991 1996 όίλλό
1013 1953 1048 1998 τι
1068 1931 1098 2012 ⁷)
1120 1927 1165 1999 άῧ
1186 1929 1279 2024 άιρε-

265 2031 420 2125 πότερον,
451 2035 557 2102 ,έκεῖνο
585 2029 749 2122 άιρεῑται,
785 2031 990 2100 καταλείπων
1016 2030 1055 2098 τό
1070 2030 1144 2116 ’.τὴν
1173 2031 1279 2126 ἀρχὴν

872 2130 881 2150 Ὶ
958 2136 975 2150 ¹⁸
1071 2140 1087 2156 υ
1192 2134 1199 2156 Ι

164 2231 167 2247 ⁴
264 2239 467 2334 φαντασίαις
487 2232 565 2325 ἡμῖν
587 2232 706 2304 ἀλλοῖα
721 2231 879 2318 δόξαντα,
901 2232 1002 2304 οὐκέτ
1019 2237 1150 2326 ἔμεινεν
1147 2243 1205 2308 ε’πλ
1219 2242 1279 2323 τῆς
1373 2273 1379 2289 =

258 2336 478 2435 προλήψεως,
511 2336 739 2426 ἕλε’γξαντος’
719 2337 805 2408 αυτά
827 2335 1021 2428 τοῦλόγου.
1080 2339 1155 2408 Διό
1151 2367 1278 2435 πραγ-

258 2439 419 2512 θέντα
395 2468 458 2525 αν,
494 2434 575 2510 όσον
596 2443 647 2508 ἐπὶ
668 2443 708 2537 τῇ
729 2437 837 2510 άυτῶν
857 2446 1010 2537 γινομένη
1031 2447 1203 2538 φαντασία
1225 2450 1279 2530 ⁸),

264 2542 376 2616 θεά
343 2571 382 2612 το
402 2541 660 2631 βουλεύσασθαι
682 2540 788 2636 περὶ
769 2547 893 2627 αυτόν,
916 2543 975 2612 οὐκ
979 2543 1205 2674 ἐπράχθη,
1186 2577 1278 2639 νμων

265 2651 325 2718 τοῦ
339 2674 373 2716 τε
383 2644 640 2734 βουλεύσασθαι
651 2652 707 2714 καὶ
717 2649 775 2729 τῆς
789 2671 943 2739 αερεσεως
949 2673 1013 2715 των
1027 2651 1061 2716 ἐκ
1082 2652 1142 2733 τῆς
1151 2655 1277 2738 βοολῖς

264 2752 368 2824 όντων
378 2753 506 2844 κυρίων.
543 2747 609 2818 Δεά
622 2751 721 2818 τοῦτο
735 2748 800 2842 γάρ
816 2746 891 2817 όότε
905 2757 978 2842 περὶ
992 2753 1057 2820 τῶν
1067 2749 1181 2824 άὶθίων
1194 2759 1276 2841 βου.

265 2853 454 2944 λεόομεθα,
486 2849 560 2921 όότε
581 2854 734 2945 περὶτῶν
759 2849 1030 2942 ὁμολογουμένως
1046 2862 1222 2945 γινομένων
1243 2860 1279 2940 ἐξ

199 3043 202 3050 .
265 2953 426 3047 ἀνάγκης,
448 2948 501 3024 ὅτι
510 2959 612 3045 μηδὲν
629 2951 707 3044 ἡμῖν
718 2958 752 3022 ἐκ
766 2958 826 3022 τοῦ
839 2961 912 3049 περὶ
927 2953 1035 3025 άυτῶν
1048 2956 1276 3046 βουλεύεσθαι

265 3061 462 3154 περιγίνεται
477 3062 584 3130 πλέον.
608 3054 697 3126 Ἀλλ’
708 3055 872 3150 οὐδὲπερὶ
885 3061 950 3126 τῶν
960 3060 993 3141 ἐξ
1002 3057 1148 3149 ἀνάγκης
1156 3071 1220 3153 μὲν.
1227 3065 1275 3155 μὴ

224 3161 227 3172 ’
266 3167 452 3254 γινομένων,
465 3159 510 3230 ἐπ’
524 3159 640 3241 όίλλοις
647 3165 684 3228 δέ
689 3186 777 3246 τισιν
788 3159 891 3230 όντων
897 3159 1147 3254 βουλευόμεθα,
1155 3160 1208 3236 ὅτι
1212 3197 1276 3257 μη-

264 3270 301 3334 δὲ
312 3262 378 3334 άπὸ
393 3268 451 3348 τῆς
462 3271 535 3358 περὶ
550 3265 676 3334 ἐκείνων
688 3264 813 3350 βουλῆς
825 3261 949 3358 ὄφελός
962 3292 994 3334 τι
1006 3263 1094 3354 ἡμῖν,
1113 3267 1275 3340 άλλῗοόὸὲ

264 3375 338 3461 περὶ
358 3369 423 3437 τῶν
443 3364 521 3458 ημῖν
541 3375 601 3456 μέν
621 3367 795 3459 πρακτόν,
831 3367 1114 3462 παρεληλυθότων
1136 3375 1172 3439 δὲ
1184 3377 1276 3460 ’.βου-

263 3467 502 3558 λευόμεθα,’
491 3462 545 3538 ότι
572 3473 655 3558 μηδὲ
687 3495 726 3563 τη
754 3475 828 3562 περὶ
848 3467 973 3540 τούτων
993 3475 1099 3569 βουλη
1119 3479 1218 3544 πλέον
1238 3503 1274 3546 τι

263 3571 340 3663 ημῖν
361 3576 494 3661 γίνεται.
543 3568 789 3659 Βουλευόμεθα
817 3576 853 3641 δὲ
881 3580 954 3666 περὶ
984 3571 1114 3663 μόνων
1110 3581 1187 3646 τῶν
1214 3573 1272 3675 ὑφ

262 3671 353 3802 ημῶν
373 3703 428 3744 τε
426 3679 665 3768 πραττομένων
689 3680 745 3742 καὶ
765 3671 963 3765 μελλόντων,
1001 3678 1145 3760 δῆλον
1122 3709 1165 3760 ως
1186 3684 1274 3765 ε’ξου-

261 3783 315 3858 τές
342 3805 375 3847 τι
405 3777 461 3846 διά
489 3803 587 3845 τουτο
609 3780 744 3846 πλέον
728 3805 774 3857 εις
796 3803 865 3860 την
876 3775 1000 3872 άίρεσίν
1021 3807 1056 3852 τε
1078 3789 1133 3851 καὶ
1154 3789 1274 3878 πρᾶξιν

261 3878 379 3951 ἀυτῶν.
409 3878 474 3949 'Ec
494 3878 559 3972 γάρ
582 3882 615 3947 ἐν
636 3876 686 3958 ὁῖς
714 3877 853 3948 οὐδὲν“
835 3887 913 3969 ημῖν
933 3887 1069 3952 πλέον’
1053 3911 1088 3953 εκ
1109 3913 1168 3957 του
1152 3892 1273 3976 βου-

261 3980 466 4055 λούεσθαι
446 3986 549 4054 αυτοῦ
569 3978 674 4070 μόνου
699 3984 916 4074 περιγίνεται,
947 3983 984 4054 οὐ
1012 3987 1273 4078 βουλευόμεθα,
