2728 4758
218 354 303 461 'ru

237 578 314 624 car.
709 609 711 613 -

236 655 410 734 retunt.
454 655 627 732 Quinem
648 659 788 733 rorum
807 681 876 734 esse
898 662 1075 734 trinalium
1103 665 1244 736 nuent

226 827 232 840 ,
363 785 467 839 mum.
490 760 643 848 siquidem
661 764 760 829 malus
778 785 820 836 ex
840 765 1025 838 munitate
1042 766 1096 838 tit.

236 867 374 946 XXIX.
417 866 587 940 Posterior
601 867 782 952 responsio·
826 869 929 940 Actus
947 891 1022 949 eos.
1046 871 1105 956 qul
1123 893 1165 940 ex
1185 874 1242 942 lta·

364 968 481 1037 bitibus
503 970 623 1054 fluunt.
653 993 781 1043 manue
800 972 1026 1060 in'pctestate.
1106 1041 1110 1050 ,

183 1080 186 1088 ’
238 1075 362 1145 XXX.
401 1075 455 1137 Ex
476 1073 539 1138 Dei
555 1076 762 1158 praescientia
783 1080 1012 1178 nontconcludi
1027 1079 1244 1146 necessitatem

365 1189 555 1253 eventuunt3
577 1179 697 1263 quippe
712 1181 943 1269 contingentia,
963 1183 995 1252 ei
1011 1184 1243 1270 praesciantur.

363 1281 532 1366 praenosci
563 1292 599 1345 ut
627 1283 860 1373 contingentia,
882 1271 963 1356 'uon
991 1299 1026 1355 ut
1061 1287 1244 1360 necessario

363 1385 483 1452 futura.
1042 1387 1044 1395 '

184 1569 187 1576 .,
238 1491 376 1568 XXXI.
420 1489 579 1558 Vaticinia
601 1500 633 1564 et
654 1493 783 1562 oracula
799 1487 909 1564 causas
930 1515 999 1562 esse
1014 1515 1139 1572 eorum.
1162 1509 1247 1579 quac

364 1593 582 1678 praedixerint
601 1596 728 1675 fultra,
758 1598 894 1666 absurde
915 1610 948 1662 et
969 1597 1063 1682 impie
1082 1599 1244 1666 statuitur.

239 1699 395 1775 XXXII.
438 1699 627 1770 Revertitur
659 1702 717 1771 ad.
733 1704 973 1784 praecedentem
1010 1701 1243 1780 obiectiouern.

367 1814 399 1867 et
418 1801 534 1886 repetit
554 1804 595 1866 ad
615 1804 853 1887 responsionem
873 1806 1043 1888 duplicem.

241 1907 414 1982 XXXIII.
457 1906 633 1992 Regeritur
661 1908 871 1978 asserentibus
902 1909 1083 1975 libertatem
1108 1929 1150 1976 ex
1174 1929 1245 1976 mo·

368 2011 455 2083 tione
470 2008 649 2082 animalium
659 2015 829 2082 secuudum
837 2013 1024 2097 appetitum.
1047 2014 1126 2080 Non
1137 2032 1243 2091 ornus.

368 2115 454 2200 qrtod
469 2133 510 2176 ex
525 2114 666 2198 appetitu
680 2116 734 2194 fit,
760 2117 874 2182 esseio
891 2127 1050 2200 potestate
1064 2128 1188 2184 nostra.
1302 2097 1304 2119 ¹

239 2221 411 2292 XXXIV.
455 2217 613 2288 Peccandi
646 2231 678 2286 et
704 2232 792 2290 recte
821 2221 956 2307 egendi,
998 2222 1081 2286 unde
1115 2221 1184 2288 laus
1215 2230 1248 2287 et

137 2337 148 2346 ’
368 2323 577 2405 vituperium,
625 2324 780 2407 supplicia
813 2336 845 2394 et
871 2323 1030 2409 praemia,
1069 2323 1247 2389 ostenditur

368 2447 449 2512 quiae
470 2425 510 2496 eit
532 2447 609 2494 vera
629 2427 727 2496 ratio.

242 2533 398 2603 XXXV·
441 2529 548 2616 sorite
572 2531 732 2609 adhibito,
769 2543 907 2618 arguunt
934 2527 1107 2598 adversarii
1136 2529 1246 2614 posito

369 2637 452 2702 Fato
474 2656 539 2700 non
560 2633 630 2700 tolli
652 2635 806 2718 supplicia
827 2647 858 2702 et
879 2637 1000 2702 laudes.

241 2739 412 2810 XXXVI.
456 2738 749 2823 interrogationum
770 2739 911 2808 cumulus
934 2736 1110 2814 excutitur,
1143 2737 1244 2804 dillla·

368 2853 421 2905 tur
452 2839 614 2904 infirmatis
657 2842 902 2927 consequentiis.
963 2844 1167 2908 Excruantur
1187 2831 1245 2904 in·
1353 2897 1357 2904 .

369 2944 483 3022 terim,
508 2945 535 3010 si
556 2947 639 3012 Fato
661 2946 765 3020 coacti
784 2946 828 3012 ita
851 2946 1017 3010 disserant.

244 3050 434 3142 XXXVlI.
479 3048 591 3114 Altera
619 3049 849 3135 argumentatio
880 3069 922 3114 ex
957 3051 1065 3114 eadem
1089 3049 1246 3131 palaestra

369 3151 525 3219 refellitur
546 3165 577 3218 et
594 3158 751 3237 probatur
772 3165 906 3228 contra,
939 3151 1047 3235 posito
1067 3152 1150 3216 Fato
1176 3149 1246 3217 tolli

367 3254 578 3340 prudentiam.
904 3297 906 3302 .

243 3361 451 3431 XXXVIII.
495 3360 654 3446 Epilogus
677 3371 709 3424 et
729 3358 800 3424 linis
822 3357 1139 3444 argumentationum.

246 3466 416 3534 XXXIX.
460 3461 647 3547 Alloquiunr
664 3465 703 3528 ad
717 3463 931 3545 Imperatores
947 3473 979 3526 et
992 3461 1153 3528 conclusio
1166 3481 1245 3543 ope·

370 3565 435 3645 ria,
459 3589 520 3652 qua
531 3565 674 3630 breviter
687 3565 807 3644 innuit,
832 3577 981 3650 quantam
995 3563 1058 3630 vim
1075 3565 1190 3628 habeat
1204 3566 1245 3628 ad

372 3691 496 3739 omnem
514 3670 660 3736 uirtutem
676 3667 857 3735 Aristotelis
876 3667 914 3734 de
929 3669 1012 3736 Fato
1036 3667 1158 3752 opinio.

561 3913 920 3952 w
