2804 4762
1103 427 1122 488 5

92 589 193 652 ¹rior.
242 591 322 653 Nam
350 613 426 655 aistis
449 589 543 673 hujus
565 597 664 676 partis
691 617 950 679 quoquoversum
973 619 1006 660 se
1028 611 1059 661 et
1081 601 1120 662 ad

109 694 217 758 omnia
243 697 422 758 extendit.'
461 700 537 762 Non
570 700 650 762 enirn
684 701 797 763 eodem
830 703 926 764 modo
956 701 1040 764 circa
1069 725 1119 765 res

83 862 84 871 ,
110 801 250 882 agendas
273 821 307 861 se
322 801 439 863 habent
456 800 502 863 illi
523 801 577 884 qui
599 805 730 866 credunt
752 803 858 868 otnnia
876 805 908 866 vi
925 807 1127 869 necessitatis'

110 914 142 964 et
164 904 225 966 fati
247 905 325 988 iugo
355 905 531 989 constringi
559 918 590 968 et
621 905 644 968 ii
673 908 727 990 qui
756 919 884 970 censent
910 909 1062 972 exsistere
1087 917 1122 972 et‘

109 1010 287 1090 quaedam,
326 1030 406 1092 quae
426 1009 504 1072 liant
529 1011 595 1072 sine
614 1011 714 1073 caruis
733 1012 916 1094 antepositis
938 1013 1125 1076 necessario
1172 1035 1174 1042 ·

109 1133 146 1174 ea
177 1111 405 1175 efficientibus*
439 1115 523 1176 Tum
545 1135 625 1177 vero
649 1115 774 1176 videtur
798 1115 829 1178 in
854 1115 902 1178 bis
931 1117 1047 1180 veritas
1069 1116 1116 1180 in-

108 1225 208 1278 'ventu
224 1235 376 1298 perquam
394 1215 547 1292 difficilis,
571 1216 645 1281 ideo
667 1220 755 1301 quod
777 1229 808 1280 et
828 1219 902 1280 hnic
927 1231 959 1282 et
979 1220 1022 1282 illi
1045 1235 1125 1283 sen-³
1213 1256 1218 1264 ·

108 1319 224 1382 tentiae
248 1321 400 1403 quaedam
422 1321 584 1384 adversari
604 1319 770 1384 videantur
796 1321 975 1386 manifesto.
1034 1323 1123 1402 Quia·
1172 1345 1174 1350 ’

107 1445 187 1488 vero
216 1425 441 1487 nonnullorum
474 1427 658 1508 dogmatum
679 1425 803 1489 firmior
842 1427 894 1505 (et
919 1425 1116 1505 euidentior)

105 1526 144 1590 sit
170 1538 331 1589 structura
350 1528 540 1608 disputando
566 1549 636 1589 cum
666 1529 795 1612 eisqui
824 1541 935 1592 eontra
957 1529 1112 1605 sentiant,

106 1630 158 1711 (in
188 1652 251 1714 qua
283 1632 485 1714 inquisitione
510 1631 586 1714 qnid
612 1643 659 1694 est
688 1635 775 1714 qnod
797 1630 897 1713 majus
923 1643 1126 1695 momentum-

105 1736 224 1796 habere
249 1735 351 1818 possit
377 1757 470 1818 quarn
493 1757 588 1799 nosse
610 1735 794 1798 Aristotelis
812 1736 1036 1814 sententiam?)
1058 1757 1114 1798 eos

106 1839 272 1922 alloquar,
297 1838 438 1921 quinon
461 1841 568 1900 cadem
587 1861 658 1900 cum
679 1838 750 1918 ipso
773 1839 899 1915 dixere,
923 1852 958 1900 ut
983 1851 1114 1902 conten·
1171 1865 1173 1870 ·

108 1945 211 2005 dendo
229 1919 312 2004 inter
330 1964 363 2003 se
379 1961 460 2024 quae
471 1942 619 2024 utrinque
634 1953 706 2003 snnt
724 1939 817 2020 dicta,
833 1942 931 2026 magis
953 1943 1123 2008 illucescat,

105 2047 236 2109 veritas.
302 2045 512 2125 Propositum
545 2057 647 2106 autem
677 2044 830 2108 sermonis
860 2045 963 2108 nostri
990 2064 1054 2108 non
1076 2047 1115 2108 ad

10 2203 12 2226 ,
106 2149 352 2214 ostentationem
371 2148 557 2231 dirigetur,v
570 2148 625 2208 sed
640 2149 679 2208 ad
700 2169 793 2228 quana
815 2149 949 2213 maxime
975 2149 1113 2210 sedulam

10 2247 12 2308 i
103 2252 339 2336 inquisitionem
361 2261 393 2313 et
410 2244 654 2331 explicationem
670 2248 757 2325 veri,
782 2250 833 2313 cui
848 2261 878 2312 et
894 2273 952 2315 vos
972 2251 1113 2313 videmus

10 2375 11 2380 ’
104 2369 174 2420 ante
202 2354 308 2420 omnia
331 2357 458 2416 studere
477 2353 508 2415 in
530 2353 567 2415 iis
590 2355 685 2415 rebus
707 2375 788 2436 quae
810 2354 904 2418 vobis
932 2356 1123 2416 tractandae

103 2462 248 2524 veniunt.
293 2457 389 2520 Nulla
415 2455 496 2518 enim
525 2467 702 2518 vestrarum
732 2457 890 2520 actionum
904 2457 1109 2538 conspicitur,

102 2567 132 2628 in
151 2585 216 2648 qna
235 2561 329 2625 vobis
351 2559 384 2622 id
396 2559 503 2640 potius
526 2561 613 2642 qnod
634 2558 759 2622 videtur
782 2573 875 2643 quarn
897 2563 984 2642 qnod
1001 2582 1120 2624 verum

103 2671 141 2732 sit
159 2663 364 2750 propositum
385 2662 539 2724 habeatis.
595 2663 692 2742 Qttod
714 2663 740 2725 si
760 2684 819 2744 per
846 2664 944 2727 otium
966 2661 1112 2726 incidetis

104 2774 134 2837 in
160 2775 248 2833 hune
275 2767 390 2830 librum
416 2787 453 2828 ac
474 2765 650 2828 iudicabitis
675 2769 828 2848 quaedam
853 2767 1033 2848 oportuisse
1055 2787 1112 2828 cx·

102 2874 249 2960 plicatins
276 2871 358 2946 dici,
383 2869 489 2953 magni
512 2869 626 2931 faciam
647 2870 732 2932 hunc
748 2873 923 2945 honorem,
948 2870 974 2931 si
996 2872 1035 2931 ad
1061 2891 1112 2932 me

103 2977 346 3062 perscribantur
360 2994 441 3056 quae
456 2973 518 3035 sint
532 2971 605 3047 illa,
630 2975 669 3034 de
687 2972 801 3055 ‹pribus
821 2986 924 3035 manet
942 2972 1108 3036 dubitatio.

104 3085 177 3146 Non
207 3078 290 3142 enim
310 3076 404 3140 facile
429 3075 528 3138 estin
550 3096 614 3138 uno
636 3074 721 3138 libro
739 3074 872 3138 dilucide
895 3097 1056 3157 exponere
1078 3087 1110 3138 et

104 3207 170 3249 rem
193 3186 232 3246 de
256 3203 319 3264 qua
340 3179 467 3263 agitur,
516 3190 547 3242 et
569 3199 606 3246 ea
629 3179 742 3267 quibus
763 3179 912 3244 utendum
935 3181 974 3242 ad
1003 3200 1122 3247 rettun‘

101 3291 241 3373 ipsarum
263 3281 516 3368 explicationem.

581 3387 629 3450 ΙΙ.

165 3497 248 3560 Esse
261 3494 361 3579 igitur
380 3495 502 3568 fatum,
538 3503 568 3553 et
598 3494 637 3553 ab
664 3513 703 3554 eo
725 3511 851 3554 causam
877 3513 933 3552 cnr
956 3494 1107 3572 quaedam
1163 3507 1165 3512 ’

100 3602 174 3663 fiant
196 3597 353 3674 fataliter,
378 3597 451 3659 satis
470 3595 593 3656 firmum
616 3603 835 3678 argumentum
857 3596 988 3676 praebet
1002 3596 1106 3657 homi-

99 3727 173 3766 num
199 3700 368 3782 anticipata
393 3700 544 3782 quaedam
567 3696 669 3760 notio.
714 3699 827 3780 Neque
849 3697 930 3760 enim
951 3717 1029 3760 vana
1054 3711 1107 3759 aiut

100 3829 118 3870 a
138 3827 220 3870 vero
243 3807 394 3868 aberrans
414 3814 461 3865 est
483 3801 644 3864 hominum
667 3813 798 3877 natura,
823 3801 878 3864 ubi
896 3803 934 3864 de
953 3821 988 3862 re
1004 3800 1112 3883 aliqna-

99 3908 296 3973 consentitur
325 3907 485 3968 intereos
507 3905 562 3987 qni
583 3927 647 3968 non
673 3925 713 3966 ex
735 3905 925 3967 antehaustis
949 3903 1106 3984 opinioni-

99 4016 176 4091 bus,
208 4023 246 4074 ut
269 4009 413 4074 nimirum
439 4021 586 4072 tueantur
611 4029 690 4091 quae
717 4007 760 4074 eis
780 4019 850 4070 sunt
873 4013 1103 4083 consentanea,
