2804 4762
265 398 285 458 λ

265 572 376 635 τεκαὶ
398 569 448 634 ἐπὶ
470 559 579 632 πάντα
607 564 774 634 διατείνει·
810 561 850 634 οὗ
879 562 944 658 γάρ
974 561 1094 654 ὁμοίως
1122 571 1195 654 περί
1217 564 1279 648 τός

263 666 396 762 πράξεις
417 668 550 757 ἔχουσιν
576 663 608 735 όί
634 693 669 736 τε
701 664 811 736 πάντα
839 668 873 751 ἐξ
901 663 1046 756 ἀνάγκης
1077 694 1113 737 τε
1144 668 1191 752 ”)
1221 677 1278 739 καί

263 769 346 840 καθ’
371 773 568 863 ἑιμαρμενην
587 771 746 857 γίνεσθαι
756 767 1033 854 πεπιστευκότες,
1072 778 1129 840 καί
1150 769 1201 853 όῖς
1223 777 1280 842 δο-

263 881 316 942 κεῖ
332 876 490 962 γίνεσθαί
511 897 603 957 τινα,
646 870 746 942 όίκαί
767 872 812 963 με)
835 877 880 958 ’5)
903 877 963 942 τοῦ
983 871 1113 954 πάντως
1134 876 1280 944 ἔσεσθαι

263 981 619 1070 προκατοβεβλημένας
637 974 750 1056 ’άιτίας
772 978 883 1067 ίγουσι
905 971 949 1062 ¹⁴)
961 995 981 1064 '-
1010 971 1067 1062 η’τε
1088 974 1213 1071 ἱόρεσις
1234 983 1280 1064 ’5)

263 1080 322 1164 της
343 1077 509 1163 ἀληθείας
531 1083 590 1163 τῆς
612 1084 645 1148 ἐν
667 1078 751 1176 ἀυτῇ
772 1078 988 1170 χαλεπωτάτη
1018 1086 1110 1151 δοκεῖ
1134 1081 1196 1168 ¹⁶),
1232 1086 1280 1176 τῷ

263 1187 371 1252 δοκεῖν
402 1185 467 1251 τῶν
497 1183 600 1266 δοξῶν
627 1185 773 1277 ἑκατέρα
798 1183 909 1253 πολλοὶ
942 1187 987 1269 ¹⁷)
1025 1183 1280 1279 ἀντιμαρτυρεῖν

262 1289 326 1355 τῶν
347 1289 500 1380 ἐναργῶν.
539 1284 633 1355 Ἐπεὶ
655 1292 691 1356 δὲ
713 1290 803 1355 ἐνίων
824 1285 998 1377 δογμάτων
1018 1288 1204 1372 κατασκευὴ
1222 1287 1280 1358 διὰ

262 1387 322 1473 την
342 1389 426 1482 πρὸς
448 1388 525 1469 τοὺς
545 1387 591 1479 με)
614 1387 735 1478 ὁμοίως
756 1394 912 1478 λέγοντας
940 1389 1131 1480 ἀντιλογίαν
1154 1394 1280 1481 γίνεται
1365 1401 1369 1406 ’

263 1497 476 1617 ιρανερωτέρα
506 1483 565 1576 [ὧν
591 1496 625 1562 ἐν
657 1499 728 1572 τοῖς
755 1490 902 1582 μάλιστα
932 1490 1001 1562 κατ’
1032 1491 1136 1564 ἀυτοῦ
1164 1498 1198 1564 τί
1232 1498 1281 1580 ἐίη

263 1593 304 1664 ἀν
325 1598 421 1719 μείζω
451 1598 511 1680 ¹⁸),
546 1594 568 1679 6
600 1593 687 1663 κατά
715 1593 988 1694 Ἀριστοτέλους
1003 1594 1103 1680 δόξαν
1139 1589 1296 1686 ίιπεῖνς)

262 1696 447 1782 ποιήσομαι
476 1697 535 1768 τόν
566 1695 666 1788 λόγον
692 1698 776 1791 πρὸς
806 1698 884 1780 τοὺς
916 1697 982 1796 οὐχ’
1014 1699 1135 1791 ὁμοίως
1172 1704 1280 1796 ἐκείνω

170 1823 172 1828 ·
261 1810 336 1896 περ)
364 1800 489 1873 τούτων
502 1799 707 1895 εἰρηκότας,
744 1794 832 1884 όπως
864 1805 898 1872 ἐν
932 1807 972 1899 66
993 1807 1067 1872 ιτάν
1100 1810 1281 1894 λεγομένων

261 1911 454 1999 παραθέσει
476 1903 705 2002 φανερώτερον
724 1902 803 1994 ἡμῖν
834 1903 985 1989 τάληθὲς
968 1912 1163 1996 ςγίνηται
1183 1906 1280 1978 Ἔστι

262 2014 298 2082 δὲ
327 2006 347 2094 6
380 2013 444 2079 τάν
471 2006 578 2098 λόγων
609 2012 674 2078 τάν
705 2004 870 2102 ίμετέρων
896 2011 1089 2103 προαίρεσις
1125 2009 1171 2081 06'
1196 2010 1281 2106 πρὸς

262 2114 412 2211 ἐπίδειξιν
432 2118 616 2195 νενευκυῖα,
646 2109 835 2204 ἀλλὰπρὸς
861 2113 1005 2195 ἐξέτασίν
1033 2140 1069 2182 τε
1095 2121 1152 2193 καί
1183 2119 1280 2184 διδα-

262 2219 403 2306 σκαλίαν
433 2220 499 2285 τῶν
526 2221 745 2306 προκειμένων
777 2213 1015 2310 ἀκριβεστέραν
1042 2212 1084 2300 ἣν
1115 2219 1172 2286 καὶ
1192 2214 1281 2307 ὑμᾶς

263 2323 365 2388 πᾶσιν
387 2315 438 2400 ὁῖς
459 2315 621 2414 πράσσετε
643 2322 688 2403 ’9)
711 2314 796 2412 όρᾷν
818 2320 941 2388 ἔνεστιν
963 2316 1185 2404 ἐζηλωκότας,
1221 2319 1280 2390 06-

263 2423 378 2513 δεμίαν
405 2421 469 2516 γὰρ
497 2425 616 2516 πρᾶξιν
637 2419 727 2510 ὑμῶν
749 2425 836 2492 ἐστὶν
864 2425 987 2516 ίυρεῐν,
1023 2427 1055 2493 ἐν
1082 2413 1103 2520 ᾗ
1135 2425 1185 2508 ²⁰)
1219 2422 1280 2508 τὴν

261 2529 453 2622 φαντασίαν
473 2526 538 2622 πρὸ
560 2529 620 2610 τῆς
648 2523 815 2610 ἀληθείας
843 2523 967 2596 σκοπὸν
998 2529 1186 2609 πεποίησθε
1221 2529 1280 2612 ”).

256 2628 308 2704 'Ea
329 2635 366 2703 δέ
386 2658 419 2700 τι
448 2630 498 2716 ”)
527 2628 615 2700 κατά
636 2627 760 2720 σχολὴν
782 2625 1034 2718 ἐντυγχάνουσιν
1054 2625 1132 2718 ὑμῖν
1153 2630 1201 2715 ’5)
1229 2632 1276 2724 τῷ

261 2730 401 2829 βιβλίῲ,
446 2740 587 2806 δεῖσθαι
619 2728 669 2819 ’4)
705 2731 791 2816 δόξει
827 2735 978 2826 ῥηθῆναι
1013 2729 1278 2827 γνωριμώτερον,

260 2837 342 2922 ἀξιῶ
369 2840 558 2929 τιμηθῆναι
591 2845 647 2908 καὶ
678 2835 783 2933 ταύτῃ
815 2839 855 2932 τῇ
882 2838 960 2931 τιμῇ
987 2832 1063 2928 παρ’
1095 2833 1188 2926 ὑμῶν
1208 2837 1276 2936 ’5),

262 2949 318 3011 κα)
346 2944 518 3037 γραφῆναί
546 2970 606 3034 μοι
637 2948 711 3034 περὶ
737 2943 801 3009 τῶν
836 2943 1059 3029 ζητουμένων·
1107 2938 1183 3032 οὐδὲ
1211 2938 1278 3036 γὰρ

261 3043 380 3142 ῥᾴδιον
399 3043 510 3116 πάντα
530 3044 679 3140 γνώριμα
701 3046 842 3128 ποιῆσαι
870 3039 910 3111 δι’
942 3040 1013 3122 ἑνὸς
1041 3045 1174 3132 βιβλίου
1210 3040 1278 3129 ²⁶),

246 3145 348 3221 ἀυτά
369 3178 403 3220 τε
424 3148 468 3220 τά
488 3153 700 3244 προκείμενα,
732 3154 789 3216 καί
810 3143 861 3226 ὁίς
883 3173 934 3228 τις
953 3149 1074 3240 χρῆται
1101 3144 1185 3241 πρὸς
1216 3146 1279 3232 την

262 3251 406 3343 μήνυσιν
427 3251 545 3330 ἀυτῶν.

330 3461 377 3532 Τὸ
398 3470 458 3553 μὲν
483 3460 542 3534 ὀῦν
570 3461 652 3532 ἐίναί
679 3485 712 3528 τι
743 3457 804 3543 τὴν
828 3462 1039 3552 ίιμαρμίνην,
1075 3463 1131 3528 καὶ
1164 3445 1276 3530 ἀιτίαν

262 3571 346 3638 ἒῖναι
366 3569 427 3635 τοῦ
452 3567 610 3654 γίνεσθαί
634 3588 709 3632 τινα
730 3560 798 3634 κατ’
823 3561 927 3646 ἀυτὴν
952 3566 995 3648 ’),
1028 3566 1147 3644 ἱκανῶς
1168 3560 1188 3648 6
1210 3568 1276 3634 τῶν

261 3667 452 3764 ἀνθρώπων
485 3670 656 3752 συνίστησι
683 3663 872 3763 πρόληεγις’
917 3665 956 3735 οὐ
992 3665 1056 3790 γὰρ
1086 3665 1177 3745 κενόν
1205 3663 1275 3738 οὐδ’

166 3780 168 3786 ’
221 3817 224 3824 ,
261 3773 405 3864 ἀστοχον
443 3768 673 3855 τάληθοῦς
654 3801 675 3854 η
708 3769 799 3854 κοινὴ
836 3771 899 3840 τῶν
928 3768 1119 3864 ἀνθρώπων
1152 3768 1273 3868 φάσις,

255 3875 342 3946 καθ
372 3873 413 3958 ἣν
441 3878 524 3970 περί
542 3901 639 3944 τινων
668 3874 884 3968 όμοδοξοῦσιν,
919 3872 1091 3962 ἀλλήλους,
1135 3869 1211 3945 ὅσοι
1238 3905 1276 3965 γε

259 3963 367 4066 ἀυτῶν
401 3977 447 4070 μὴ
480 3978 536 4074 δεμ
571 3978 663 4072 τινάς
690 3983 1054 4072 πρρκοταβεβλημένας
1089 3976 1233 4072 δόξας
1214 4006 1265 4074 υφ
