2774 4756
1046 395 1105 458 287

166 589 169 596 ¹
195 575 233 640 ιιι
251 565 484 630 necessitatem
495 561 575 644 foti
593 560 772 640 confirmet
791 564 926 630 ιἰινίιιιι.
953 561 1109 641 (Schult-

124 661 127 666 ’
191 665 290 746 deas.)

128 764 162 845 7)
190 755 409 850 ὀνομάτων
429 768 502 849 μὲν
522 757 601 849 γὰρ
622 761 708 842 ete]
737 763 787 828 Ita
801 761 910 828 Havn.
933 763 1018 828 Edd.
1035 757 1109 830 ὀνο-

189 859 301 952 μάτων
319 870 380 951 μὲν
401 859 468 931 ὀῦν.

125 969 170 1048 8)·
188 962 236 1036 δι’
260 956 311 1035 ὧν
331 966 392 1047 τι]
419 967 498 1032 Ald.
523 968 554 1032 1.
578 961 610 1033 δ’
633 955 677 1032 ὧν
697 991 749 1044 τις
769 967 896 1032 vitiose.

125 1073 160 1154 9)
189 1065 241 1137 ἐπ’
265 1066 375 1160 ἀντῷ
396 1094 436 1136 τι
457 1068 588 1149 ἒῖναι]
613 1069 742 1153 Optima
762 1071 842 1135 haee
862 1070 957 1136 lectio
975 1073 1108 1136 debetur

189 1173 244 1236 uni
266 1171 380 1237 Codici
402 1173 510 1236 Havn.
541 1173 627 1238 Edd.
650 1168 695 1240 ἐπ’
720 1166 811 1264 ἀντῷ
831 1177 977 1244 τιθέναι.
1013 1176 1087 1258 (0.)

105 1278 159 1359 10)
187 1271 246 1344 ὑπ’
269 1271 424 1356 ἄντοῦ]
445 1276 524 1341 Ald.
549 1277 581 1339 1.
603 1269 668 1342 ὑπό
690 1299 750 1343 τοο
771 1277 897 1343 vitiose.

34 1417 38 1431 ·
105 1399 159 1480 11)
187 1399 241 1490 τῷ
262 1399 374 1474 ἐῐναι
394 1397 569 1488 λογικῷ]
592 1399 700 1462 Havn·
722 1395 762 1464 τὸ
784 1398 868 1466 ε’ῐνοιι
881 1397 1012 1490 λογικῷ.
1033 1399 1111 1465 Νοιι

188 1502 284 1565 male.
353 1501 450 1566 Haud
484 1501 681 1566 sollicitanda
711 1514 815 1565 tamen
850 1501 980 1587 vulgata
1012 1500 1109 1567 lectio

187 1605 235 1697 τῷ
246 1606 330 1672 ἐῖναι
345 1603 487 1696 λογικῷ,
509 1607 593 1688 quio
608 1614 656 1671 est
668 1608 800 1670 ratione
814 1604 1011 1688 praeditus..
1034 1602 1107 1685 (Ο.)

103 1709 159 1792 12)
188 1731 266 1774 κατ
261 1703 442 1788 ἆντὰς]
470 1707 579 1770 Havn
594 1701 799 1783 καὶταύτας.
842 1705 906 1769 Sed
918 1707 998 1770 bene
1012 1708 1109 1771 habet

188 1812 373 1897 vulgatum:
397 1812 531 1876 inillis
553 1809 627 1891 (0.)
650 1807 778 1874 Codicis
800 1808 989 1874 Havniensis
1010 1810 1110 1876 lectio

189 1913 369 2029 requirenet
389 1924 556 1997 praeterea
576 1910 609 1976 in
631 1911 884 1976 antecedentibus
908 1907 1109 1978 omissionem
1191 1914 1193 1919 ’

187 2014 386 2102 pronominis
409 2009 431 2082 ἃ
454 2027 525 2080 ante
547 2015 643 2095 ἐίκει,
666 2036 746 2098 qnae
766 2015 849 2079 ratio
871 2015 996 2080 minime
1017 2017 1106 2081 vide·

188 2133 243 2185 tun
264 2121 460 2202 spernenda3
491 2111 515 2183 di
536 2117 615 2181 oriri
636 2130 763 2202 poterat
784 2139 826 2182 ex
846 2119 1047 2202 praecedenti
1068 2118 1107 2183 Ιί-

188 2237 259 2288 tera
280 2248 316 2288 οι.
359 2223 472 2305 (θαιρ.
494 2220 613 2300 Orell.)

105 2323 207 2412 13)
190 2331 320 2397 οποῖοι
341 2321 564 2419 φαίνεται]
599 2320 652 2383 Sne
672 2318 807 2383 Aldmae
829 2330 860 2384 et
875 2313 1028 2386 Casel
1007 2347 1110 2410 ομοια

192 2431 347 2553 φαίνεται
360 2429 470 2494 Lond.
484 2423 719 2510 proculdubio
722 2434 873 2506 typorum
887 2446 1012 2490 errore.
1035 2427 1110 2510 (0.)
1172 2475 1175 2480 .
1253 2467 1257 2478 .

106 2526 213 2617 140⁰
193 2559 259 2601 οτι
279 2529 319 2601 τὶ
346 2525 453 2625 λόγῳ
475 2529 601 2596 τοῦτο
623 2517 813 2607 ὃόξαν]“’
793 2549 846 2592 οτι
866 2539 953 2592 reete
974 2530 1086 2594 abest
1076 2552 1114 2596 tn

192 2638 302 2703 Havn.

106 2736 210 2824 15)
193 2735 287 2808 οὐτε
308 2738 349 2807 τί
367 2734 451 2807 ποτ’
475 2739 591 2804 ἐστιν
613 2729 715 2802 deved
737 2728 832 2802 ὀύτι
866 2735 907 2803 ἒν
938 2735 1021 2803 τίνι
1047 2734 1110 2825 yi-

191 2841 329 2922 νεται]
373 2841 427 2906 Sie
453 2839 572 2924 optime
601 2838 690 2905 Cod.
709 2838 818 2902 Havn.
851 2838 936 2902 Edd.
960 2833 1034 2907 ὀύτι
1056 2832 1111 2908 ὅτι

191 2940 263 3014 ποτ’
287 2945 375 3010 ἐστιν
396 2939 485 3034 ἀντῷ
507 2937 581 3008 ὀύτι
603 2939 637 3008 ἕν
658 2964 723 3006 τινι
742 2940 876 3026 γίνεται.
919 2940 982 3003 Sed
998 2963 1110 3015 verum
1160 2936 1162 2942 ’

191 3048 255 3126 iam
276 3045 354 3111 vidit
375 3045 520 3112 Grotius.
543 3044 617 3127 (O.)
650 3044 737 3108 Mox
757 3043 809 3106 vel
831 3045 981 3129 λέγουσιν
1003 3047 1110 3112 delen·

195 3154 286 3226 dum,
324 3148 377 3214 vel
397 3140 727 3244 ιιιῑοιρᾳθυμότιρον
746 3144 863 3211 excidit
884 3135 948 3215 ὅτι.
996 3150 1110 3234 (Caap.

198 3253 318 3334 Orell.)

108 3355 165 3436 16)
108 3347 258 3431 1Ὡς
284 3347 362 3442 γὰρ
395 3346 504 3440 ἄλλῳ
538 3350 578 3416 ἐν
605 3344 716 3440 ἄλλῷ
745 3343 790 3414 τὸ
812 3346 945 3428 tevai]
989 3349 1112 3433 Recepi

194 3455 443 3520 emendationem
465 3450 583 3516 Caselii
603 3473 699 3515 sensu
718 3449 892 3536 flagitante.
917 3447 1045 3516 Caeteri
1066 3447 1111 3530 ὡς

194 3556 257 3652 γὰρ
280 3556 388 3636 ἄλλως
409 3553 497 3649 ἄλλῷ
519 3551 558 3621 τὸ
580 3556 672 3621 divae.
694 3553 767 3633 (O.)
792 3555 1029 3618 Emendandum
1049 3575 1112 3637 po·

193 3662 256 3726 tius
288 3673 375 3726 enat:
415 3654 476 3738 Ὡς
496 3654 561 3749 γὰρ
584 3651 738 3734 dudde’
722 3681 756 3723 ιν
783 3652 873 3749 ἄλλῷ
894 3653 934 3724 τὸ
966 3659 1048 3725 ἐῖναι
1077 3668 1114 3720 ut

167 3765 277 3830 infra
297 3787 374 3850 pag.
397 3764 451 3828 52.
474 3758 516 3828 τὰ
538 3756 577 3828 δι’
601 3754 691 3846 ἡμων
712 3753 823 3838 ἁπλῶς
843 3761 984 3845 γίνεται,
1017 3781 1113 3843 quum

194 3863 284 3958 ἄλλῷ
306 3868 379 3933 δὲ’
364 3891 398 3934 ιν
418 3864 508 3957 ἄλλῷ
530 3886 607 3929 mox
627 3874 783 3928 recurrat.
826 3866 939 3946 (Oosp.
961 3862 1081 3938 Orell.)

109 3971 167 4048 17)
194 3969 234 4037 ἐν
254 3969 308 4058 τῷ
329 3967 503 4060 λογικῷ]
525 3969 559 4035 ἐν
580 3964 683 4032 addidi
705 3985 776 4030 eum
797 3965 905 4036 Havn.
928 3974 959 4029 et
982 3960 1090 4027 Casel.
