2758 4760
107 583 291 668 'ipiscatum
316 586 369 670 qui
393 608 455 670 ope
476 586 676 652 instimtionis
699 601 730 654 et
752 591 985 657 exercitationis
1007 593 1126 675 reipsa

126 691 263 754 ostendit
289 689 339 766 id,
377 691 409 752 iu
437 711 500 774 quo
529 692 626 754 homo
648 703 777 754 naturae
799 697 885 760 dono
908 695 1037 758 caeteris
1061 696 1127 758 ani·

126 793 281 856 mantibus
303 805 460 876 praestat,
485 816 502 856 a
524 815 559 856 se
581 797 695 858 addens
717 794 750 857 id
764 800 850 878 quod
872 809 1002 860 naturae
1024 799 1122 872 deest,

123 899 272 980 quodque
300 899 339 958 ad
366 917 434 960 eam
448 899 449 908 ’
463 895 685 978 perficiendam
713 909 760 960 est
792 900 1014 964 necessarium.
1080 902 1125 964 Et
1214 943 1217 950 -

107 999 194 1062 ideo
216 999 317 1061 estin
338 1011 448 1063 nostra
470 1011 626 1080 potestate
648 1000 772 1064 virtutis
796 1003 934 1085 adeptio,
958 1025 1060 1086 neque
1075 1003 1123 1068 iu·

124 1101 215 1163 utiles
237 1113 310 1164 sunt
330 1102 511 1184 frustraque
531 1115 676 1184 repertae
699 1104 804 1166 laudes
820 1117 850 1166 et
866 1105 1123 1188 vituperationes,

124 1215 155 1266 et
185 1203 219 1266 in
247 1203 356 1266 melius
385 1206 602 1280 hortamenta,
650 1226 751 1288 neque
785 1206 940 1271 institutio
973 1212 1012 1272 ad
1038 1222 1126 1273 recta

124 1307 331 1370 assuefaciens
353 1305 548 1390 praescripta
569 1305 707 1393 legibus.
757 1310 880 1372 Eorum
903 1310 1021 1392 quippe
1044 1333 1124 1394 quae

124 1421 236 1472 natura
256 1409 348 1473 nobis
370 1409 493 1487 insunt,
525 1408 604 1472 nihil
626 1423 674 1474 est
695 1415 783 1496 quod
803 1412 905 1496 possit
927 1413 1124 1478 assuetudine

123 1510 247 1574 mutari.
307 1512 513 1591 Quantumvis
545 1533 639 1596 saepe
666 1537 734 1579 rem
761 1518 975 1598 ponderosam
998 1538 1122 1580 sursum

125 1614 247 1690 mittas,
279 1636 344 1678 non
366 1614 552 1682 assuefacias
573 1637 641 1680 eam
664 1629 776 1682 contra
798 1630 928 1682 natiuae
951 1639 1026 1683 suae
1046 1641 1124 1700 pro·

123 1717 289 1799 prietatem
311 1739 434 1780 sursum
455 1719 552 1794 spirit
590 1732 623 1783 at
651 1741 756 1786 mores
788 1722 950 1786 homiuum
974 1722 1069 1786 liuius
1092 1733 1123 1784 et

124 1820 299 1884 istiusmodi
320 1821 398 1882 fiunt
418 1841 480 1901 pro
503 1821 627 1884 diversa
648 1823 864 1887 adsuetudine.
909 1826 952 1887 Et
973 1824 1005 1888 in
1028 1827 1123 1888 rebus

124 1923 247 2007 quidem
269 1923 462 1986 naturalibus
483 1925 618 2006 primum
632 1927 782 1988 habemus
799 1926 913 2010 agendi
929 1926 1120 2002 facilitatem,

125 2047 164 2088 ex
194 2049 256 2110 qua
285 2026 395 2090 deinde
425 2026 556 2111 agimus.
611 2029 724 2110 Neque
749 2028 831 2116 enim
864 2050 959 2110 saepe
988 2029 1123 2094 videndo

125 2129 250 2192 videndi
277 2128 457 2191 facilitatem
486 2129 726 2211 consequimur,
764 2133 820 2192 sed
841 2131 913 2213 quia
936 2152 1002 2192 cam
1024 2133 1123 2194 habe·

125 2254 215 2307 mus,
254 2232 324 2295 ideo
347 2231 499 2294 videmus.
560 2229 682 2294 Contra
704 2253 783 2297 vero
805 2232 837 2294 in
859 2227 896 2294 iis
919 2253 998 2316 quae
1020 2255 1082 2298 non
1106 2255 1124 2295 a

126 2348 236 2398 natura
251 2334 347 2411 fiunt,
371 2355 429 2416 per
451 2334 589 2398 actiones
613 2335 834 2418 consequimur
857 2336 969 2420 agendi
990 2335 1122 2398 facilita-

123 2450 198 2500 tem.
243 2439 356 2520 Neque
377 2437 457 2500 enim
491 2437 581 2500 aliter
609 2437 700 2501 faber
729 2437 798 2521 quis
827 2438 902 2514 fiat,
941 2439 1000 2502 nisi
1031 2459 1124 2520 saepe

124 2539 254 2604 ediderit
275 2540 413 2602 actiones
434 2539 563 2602 fabriles
586 2544 754 2622 secundum
776 2541 917 2626 magistri
939 2553 1121 2623 praecepta.

125 2645 231 2731 Quare
254 2665 324 2706 cum
347 2643 458 2704 codem
479 2645 575 2707 modo
609 2665 838 2728 consequamur
867 2643 999 2706 virtutes
1034 2647 1124 2724 (nam

123 2747 254 2808 multum
276 2747 399 2829 agendo
421 2765 458 2806 ea
481 2765 561 2827 qliae
583 2747 771 2828 temperanti
799 2747 1006 2822 conveniimt,
1045 2759 1123 2810 tem·
1198 2805 1202 2816 ,

121 2859 267 2930 perantes
290 2847 468 2927 evadimus)
490 2870 555 2911 nou
573 2861 645 2911 sunt
663 2871 717 2912 eae
733 2849 765 2913 in
783 2850 874 2914 nobis
888 2871 947 2932 per
967 2860 1121 2912 naturam.

541 2953 723 3028 XXVIII.

186 3053 250 3135 Qui
272 3073 350 3117 vcro
377 3055 482 3116 dicunt
504 3054 682 3118 necessario
703 3075 762 3117 nos
783 3056 860 3118 tales
881 3067 947 3118 tum
970 3077 1038 3120 esse
1060 3069 1125 3119 tum

125 3157 215 3233 lieri,
238 3147 340 3238 neque
359 3157 450 3220 nobis
473 3158 649 3220 libertatem
672 3156 851 3240 relinquunt
872 3159 985 3242 agendi
1007 3171 1038 3222 et
1060 3181 1125 3221 non

123 3260 235 3346 agendi
267 3282 304 3322 ea
325 3279 384 3342 per
406 3281 485 3342 quae
506 3261 584 3324 tales
607 3259 785 3336 evadimus,
819 3282 856 3323 ac
876 3273 1048 3343 propterea
1068 3281 1126 3322 nec

122 3363 236 3446 iis-qui
258 3362 332 3428 mali
360 3375 431 3424 sunt
457 3362 534 3426 facti
561 3362 695 3428 liberum
728 3365 902 3425 concedunt
933 3362 1031 3426 fuisse
1060 3383 1124 3424 non

124 3487 159 3529 ea
182 3485 278 3550 agere
300 3487 358 3548 per
381 3487 460 3550 quae
487 3467 563 3528 tales
592 3478 663 3528 sunt
691 3465 786 3540 facti,
825 3485 925 3547 neque
954 3464 1061 3527 itidem
1088 3464 1125 3526 iis

128 3570 181 3652 qui
203 3569 282 3653 ltoni
303 3580 392 3646 sunt,
428 3582 533 3633 nonne
553 3568 646 3632 fateri
668 3568 781 3631 debent
802 3567 967 3650 pessimum
990 3567 1127 3630 omnium

123 3673 299 3736 animalium
322 3694 340 3733 a
361 3683 472 3734 natura
495 3671 629 3734 effictum
651 3692 719 3734 esse
740 3671 918 3747 hominem,
964 3670 1051 3734 cuius
1077 3682 1125 3733 ta·
1168 3735 1171 3740 ,

123 3799 192 3840 men
211 3761 310 3838 'causa
332 3774 438 3836 dicunt
459 3772 597 3836 extitisse
625 3795 677 3837 res
706 3758 846 3836 caeteras
873 3786 908 3835 ut
934 3772 1000 3836 eius
1030 3771 1123 3836 saluti

10 3905 13 3948 τ
120 3875 373 3962 opitularentur?
407 3859 450 3938 'Si
471 3876 552 3938 enim
574 3875 777 3958 exipsorum
799 3875 948 3939 sententia
969 3877 1037 3938 sola
1053 3874 1121 3940 vir.-

119 3997 169 4050 tus
204 3984 369 4066 solumque
402 3981 532 4058 vitium,
571 3978 624 4042 illa
640 3989 643 3994 “
658 3978 782 4061 quidem
810 3979 929 4042 bonum
957 3990 1027 4054 est,
1064 3979 1127 4040 hoc
