2758 4760
235 419 295 483 126

173 621 175 628 v
228 585 440 708 ἢτειιούτσν,
478 580 549 652 ὀῖον
573 590 629 651 καὶ
653 581 965 703 παραβαιυεσδαιγ
970 585 1041 645 καὶ
1065 575 1111 667 μὴ
1136 572 1280 658 πάντη

230 688 269 758 τὸ
292 686 473 775 ἀναγκαῖον
498 688 580 776 ἔχειν
605 689 639 754 ἐν
663 682 756 784 ἀυτῇ.
795 680 857 751 Εκ
885 691 945 770 μὲν
970 678 1027 749 ὀῦν
1052 683 1092 752 τί
1082 707 1110 762 ς
1134 681 1247 761 κοινῆς

229 795 293 860 τῶν
321 787 510 910 ἀνθρώπων
550 815 623 877 περι
656 758 734 855 τάδε
770 789 907 878 κρίσεως
936 780 1151 906 ούδιτερογ”
1132 807 1247 871 εχομεν

230 896 371 1015 βεβαίως
393 889 517 962 τούτων
538 888 726 1012 τιδὲμενρν.
780 895 929 977 Ποτὲμὲ
931 885 1033 978 νγάρ
1059 883 1097 953 τὸ
1114 888 1177 973 τῆς
1200 889 1246 952 ἑτ-

229 993 397 1089 μαρμίνης
419 992 581 1084 ύμνούσιυ
607 990 649 1074 ὡς
670 991 868 1080 ἀναγκαῖον,
889 917 1045 1062 μποτὲὲ
1010 993 1045 1058 δὲ
1072 986 1110 1055 ού
1139 985 1246 1069 πάντη

232 1098 292 1182 τὴν
317 1096 485 1188 ,συνέχειαν
512 1093 616 1180 ἀυτὴν
643 1093 835 1164 πιστεύουσι
862 1090 983 1176 σώζειν.
1025 1095 1096 1160 Καί
1121 1089 1185 1183 γάρ
1215 1096 1248 1158 οἱ

232 1201 290 1270 διά
315 1205 378 1270 τῶν
397 1198 503 1289 λόγων
527 1197 609 1294 ὑπὲρ
640 1198 742 1282 ἀυτῆς
771 1195 814 1278 ὡς
839 1195 940 1281 ὀύσης
964 1193 1148 1283 ἀναγκαίας
1172 1198 1246 1262 δια-

234 1301 415 1394 τεινάμενοι
444 1300 596 1396 σφόδρα,
629 1309 684 1370 καὶ
710 1298 820 1371 πάντα
846 1297 1064 1379 ἀνατιθέντες
1089 1297 1192 1394 ἀυτῇ,
1214 1299 1248 1365 ἓν

232 1415 301 1487 τοῖς
330 1405 416 1483 κατά
438 1405 496 1475 τὸν
524 1410 599 1495 βίον
620 1403 774 1498 πράξεσιν
799 1401 859 1474 ούκ
882 1407 1027 1479 ἐοίκασιν
1049 1401 1131 1498 ἀυτῇ
1152 1427 1247 1476 πεπι-

231 1507 420 1579 στευκέναι·
454 1507 564 1604 ,τύχην
578 1509 581 1512 ’
592 1513 672 1596 γοῦν
699 1506 859 1587 πολλάκις
887 1511 1104 1596 ἐπιβοῶνται,
1143 1503 1248 1586 άλληυ

199 1611 202 1620 ’
234 1609 471 1701 ὁμολογοῦντες
502 1616 585 1678 ε’ῑυαι
617 1608 741 1694 ταύτην
783 1609 893 1682 άιτίαν
924 1614 990 1694 ’τῆς
1036 1605 1253 1701 ἑιμαρμίνης*

232 1712 319 1782 ἀλλά
351 1721 406 1782 καὶ
436 1720 506 1796 τοῖς
537 1719 635 1793 θεοῖς
663 1713 701 1782 ού
731 1717 955 1783 διαλείπουσιυ
983 1711 1168 1802 εὐχόμενοι,
1205 1709 1249 1791 ὡς

232 1813 416 1906 δυναμένου
441 1816 531 1896 τινὸς
554 1814 604 1885 ὑπ’
642 1815 751 1886 ἀυτῶν
783 1816 840 1886 διά
871 1816 931 1897 τάς
959 1816 1054 1906 ἒυχάς
1085 1813 1249 1904 γενέσθαι

230 1917 324 2008 παρά
344 1919 404 2003 τὴν
421 1916 634 2011 ἑιμαρμὲνην·
671 1919 756 1988 ἀλλά
778 1929 834 1994 καὶ
850 1918 1067 2008 βουλεύονται
1090 1925 1163 2010 περὶ
1184 1920 1249 1986 τῶν

233 2019 404 2115 πρακτέων
425 2020 560 2106 ἀστοῖς,
588 2026 646 2092 καί
667 2049 719 2098 τοι
738 2032 793 2092 καὶ
813 2029 920 2092 ταῦτα
945 2020 1027 2097 καθ’
1051 2017 1249 2114 ἑιμαρμίνην

208 2155 210 2161 ·
234 2130 316 2194 ε’ῐναι
333 2124 499 2214 λέγοντες,
521 2133 577 2194 καί
595 2125 804 2215 συμβούλους
820 2130 1073 2222 παρακαλοῦσι,
1094 2132 1150 2192 καί
1164 2151 1250 2215 μαν-

233 2231 334 2309 τείαις
356 2227 416 2297 ούκ
438 2226 571 2298 ὀκνοῦσι
590 2234 762 2321 χρῆσθαι,
792 2227 835 2314 ὡς
853 2230 925 2300 ἐνὸν
950 2227 1080 2314 ἀυτοῖς,
1100 2232 1145 2297 ’ἐι
1166 2255 1250 2321 προ-

234 2329 382 2419 μάθοιεν
407 2333 470 2414 1¹),
507 2331 730 2426 φυλάξασθαί
759 2361 791 2403 τι
818 2337 882 2403 τῶν
910 2331 1121 2425 ίιμαρμίνων.
1160 2329 1251 2400 Ἐπεί

234 2438 272 2505 ,δὲ
298 2431 392 2502 ὁύτοι
412 2442 472 2523 μὲν
490 2431 603 2514 ἀυτεῖς
622 2438 852 2529 περιπίπτουσι
869 2445 942 2529 περὶ
960 2436 1002 2504 τά
1018 2433 1158 2524 μέγιστα
1181 2464 1250 2530 (μα-

233 2539 332 2630 νερῶς
362 2534 466 2618 ὁύτως
494 2542 679 2633 διαφωνίαν
708 2541 833 2629 ἔχοντες
865 2537 1140 2622 (ἀπιθανώτατον
1169 2541 1252 2626 γοῦν

237 2645 321 2710 εἰσιν
350 2638 458 2710 ἀυτῶν
480 2647 516 2716 αἱ
543 2642 627 2734 πρὸς
647 2641 707 2726 τὴν
727 2641 852 2716 τούτων
873 2646 1066 2745 συμφωνίαν
1086 2645 1251 2734 ε”υρεσιλο-

233 2745 320 2831 γίαι)
344 2747 433 2810 δοκεῖ
456 2747 537 2811 δὲ
522 2769 555 2812 εν
582 2751 651 2865 ιοῖς
680 2773 713 2814 εν
744 2752 865 2835 γενέσει
890 2753 946 2813 καί
975 2747 1101 2841 φθορά
1129 2773 1185 2828 και
1210 2749 1251 2813 τὸ

236 2842 478 2969 ἐνδεχιίμενον
463 2853 563 2930 εἶναι,
585 2844 604 2914 6
626 2875 684 2916 του
672 2853 803 2970 μηδὲν
820 2846 1006 2937 ἀναγκαίως
1020 2853 1053 2918 ἐν
1071 2846 1202 2928 τούτοις
1217 2851 1251 2916 ἐν

213 2946 286 3028 Ιὁῖς
308 2947 349 3018 ἀν
370 2977 408 3044 η,
430 2950 655 3080 γίγνεσβαι’
636 2949 741 3022 αίτιόν
765 2958 872 3035 ἐστιν,
893 2951 984 3035 ἀξιον
1007 2956 1093 3020 ἐστὶν
1119 2953 1252 3074 ἐπιστη-

192 3095 194 3100 ·
233 3076 291 3120 σαι
303 3059 377 3143 περι
398 3050 550 3136 τοῦδε,
534 3057 561 3123 εί
575 3061 610 3123 τέ
631 3059 720 3176 ι’στιν
736 3059 762 3125 ἑί
785 3083 819 3123 τε
841 3052 898 3145 μη.
922 3052 1043 3140 (Ἁύτη
1065 3054 1131 3148 γάρ
1146 3053 1167 3138 ἡ
1184 3053 1250 3150 φύ-

238 3179 290 3235 σις
309 3151 490 3279 ὁρισθιίσα
508 3156 592 3251 πρὸς
606 3157 644 3226 τὸ
659 3185 718 3242 την
732 3186 790 3242 της
806 3156 1001 3282 ἑιμαρμίυης
1016 3159 1132 3227 ούσίαν
1147 3163 1253 3278 ἑυρεῐν

234 3255 313 3345 ἡμῖν
331 3257 373 3325 τά
390 3258 530 3350 μέγιστα
548 3259 802 3382 συμβάλλεται).
821 3259 935 3346 Ἱκανὴ
950 3271 1009 3353 μεν
1025 3261 1082 3330 ὀῦν
1097 3259 1117 3344 ἡ
1133 3289 1196 3355 χρη
1187 3287 1252 3346 γσις

237 3357 257 3443 ἡ
284 3359 376 3445 κοινὴ
399 3366 563 3484 συστῆσαι
586 3363 647 3447 τὴν
674 3363 880 3454 ἐνδεχομένην
906 3364 1023 3460 φύσιν
1057 3364 1161 3444 οὐδεὶς
1185 3367 1252 3456 γάρ

238 3461 313 3532 οὐδὲ
299 3468 399 3534 ἑτῶν
418 3464 491 3548 ἐξ
471 3465 615 3554 ανάγκης
633 3464 741 3536 πάντα
765 3473 987 3557 γιγνεσθαιλ
980 3467 1127 3558 εγύντωυ
1142 3469 1183 3536 ἐν
1205 3480 1254 3561 τῷ

237 3569 292 3684 ζῖγν
323 3575 378 3634 καί
411 3575 485 3648 ταῖς
513 3569 599 3638 κατά
626 3574 701 3657 βίον
734 3575 908 3664 ἐνεργείαις
944 3571 981 3640 οὗ
1010 3579 1177 3665 μαρτυρεῖ
1205 3568 1253 3665 τι]

234 3665 408 3739 δύνασθαί
432 3679 581 3740 τινακαὶ
607 3675 671 3797 τῶν
693 3680 953 3811 γιγνομίνωνγγ
923 3705 953 3758 ιη
974 3678 1172 3766 γίγνεσθαι,
1196 3683 1254 3744 καὶ

233 3871 322 3967 λύγω
341 3879 441 3944 τοῦτο
463 3880 566 3961 δεῖξαι
584 3877 710 3999 ράδιον.
753 3886 823 3948 Πολ
820 3880 872 3949 λά
893 3881 957 3973 γάρ
977 3885 1041 3950 τῶν
1054 3879 1254 3970 γιγνομὲνων

235 3977 277 4044 τά
301 3987 362 4066 μὲν
389 3975 454 4060 ἀπὸ
477 3977 594 4077 τύχης,
620 3991 718 4052 τα
684 3980 760 4051 δ
740 3981 806 4061 απὸ
837 3981 1046 4076 τάυτομάτου
1071 3988 1253 4072 γίγνεσθαι
