2774 4756
164 343 169 350 ’
245 361 306 428 ονε

244 533 298 613 10)
325 534 418 622 νιερὶ
446 535 568 598 ποῖα
577 531 655 596 τῶν
683 525 836 608 ὄντων]
877 527 957 592 Ala.
987 531 1060 617 νιιρὶ
1084 526 1158 595 τὶνα
1187 529 1249 596 τῶν

330 630 441 702 ὄντων.
559 693 564 700 .

241 737 298 818 11)
326 733 404 827 πρὸ
425 733 573 826 ἔργον]
602 735 678 799 Ald.
701 737 775 825 περὶ
796 733 903 828 ἔργον
935 734 1036 798 Male

243 839 299 920 12)
326 842 496 931 γέλοιον
516 834 594 924 γάρ
615 834 661 904 τὸ
683 831 756 918 τὴν
777 831 1026 926 διάμετρον]
1043 833 1246 902 conuhihr.

328 943 366 1006 de
389 943 472 1006 Fato
494 939 579 1024 Gap.
602 941 720 1004 XXX.
756 994 760 1003 .

171 1119 174 1128 y
243 1044 323 1124 aaa)
344 1043 415 1124 τῆς
435 1038 639 1124 τοιαύτης
660 1038 832 1120 οὐσίας]
847 1042 1246 1126 Εοιτεεεείεςεηᾶιιοιτῆς

327 1141 483 1228 τοιαύτης
503 1141 623 1223 άιτίας.
658 1145 774 1226 (Οαομ.
793 1141 912 1226 Orell.)

243 1246 297 1328 13)
326 1247 432 1338 ἔχει]
454 1248 508 1313 Sic
530 1248 611 1313 edidi
633 1269 704 1312 cum
720 1245 870 1311 Bloehio.
892 1247 970 1311 Ald.
986 1257 1018 1310 et
1033 1244 1119 1312 Cod.
1135 1249 1244 1313 Havn.

259 1357 276 1404 ι’
328 1351 411 1438 ἔχειν
432 1350 559 1417 vitiose.
604 1350 678 1431 (Ο.)

243 1455 298 1535 11)
326 1456 509 1539 γελοῖον
514 1451 594 1544 γάρ
616 1451 662 1518 τὸ
674 1449 757 1534 τὴν
777 1451 922 1533 κλίνην
942 1463 1004 1516 εει.
1012 1451 1140 1533 leons.
1152 1455 1248 1520 Libr.

329 1558 368 1620 de
389 1558 473 1621 Fato
495 1555 648 1639 cap.v
693 1556 766 1635 (Ο.)

243 1659 298 1738 15)
320 1661 397 1724 καὶ
423 1658 501 1725 τῶν
528 1660 570 1725 ἐκ
602 1679 859 1748 σνγκρισιων
886 1657 965 1723 τῶν
985 1661 1049 1724 ἐν
1067 1663 1248 1744 γενέσει]

256 1807 261 1815 .
325 1761 495 1826 Vei-terem
517 1773 550 1828 et
570 1780 660 1845 quae
680 1781 725 1825 ex
747 1761 988 1826 commixtione
1002 1762 1055 1825 'vel
1076 1765 1174 1826 cuitu
1191 1786 1247 1846 ge·

326 1863 511 1926 iterationis
534 1880 645 1924 eausa
658 1859 768 1940 sueto
789 1861 993 1944 gignuntur.
1019 1858 1107 1944 Ι(Ο.)

242 1963 296 2045 16)
324 1954 591 2053 Molpavd’
574 1954 724 2026 ούτινα
747 1970 807 2022 ete.
822 1959 869 2038 ]
880 1960 973 2022 Sunt
970 1983 1090 2028 versus
1114 1965 1249 2032 Homeri

325 2065 366 2130 Il.
386 2067 451 2130 VI.
474 2063 537 2127 468
551 2083 643 2178 seqq.
659 2060 817 2127 Grotius
808 2081 840 2124 m
855 2063 1035 2128 Poetarum
1045 2067 1245 2152 Fragmentis

328 2190 370 2232 ex
381 2165 579 2232 Υ”8101ννοο
555 2187 601 2229 sie
618 2165 762 2230 vertit.
898 2177 902 2184 ·

277 2285 421 2336 Arum
440 2280 488 2332 Ιιτι
488 2281 546 2333 cdi
544 2279 626 2330 ινὶἱνε
645 2277 709 2330 dios
728 2282 948 2334 νιόεοιενίινο
948 2299 995 2334 um

278 2385 426 2447 Pravum,
445 2388 507 2435 εἰνε
527 2383 648 2443 bonum,
669 2396 730 2432 cnm
747 2383 873 2450 primum
889 2385 932 2439 'est
952 2383 1046 2454 editus
1065 2385 1137 2442 urbi.
1164 2387 1229 2461 (Ο.)

241 2484 296 2563 17)
325 2483 359 2548 ἐν
380 2475 677 2570 προμάθοιεν]
711 2481 788 2544 Aia.
811 2487 960 2547 mendose
981 2479 1227 2572 άτιρομάθοιεν.

241 2587 296 2666 18)
324 2579 563 2676 κρατύνειν
569 2587 873 2674 πειρωμένους]
898 2586 951 2650 Sue
966 2587 1043 2651 Ald
1056 2601 1086 2652 et
1101 2587 1187 2654 Cod
1197 2593 1242 2654 Η.

188 2819 191 2832 ·
325 2789 402 2854 didit
426 2788 588 2854 Bloehius.

240 2895 339 2974 20)’
324 2918 364 2960 εν
386 2894 429 2957 δὲ
451 2896 540 2968 τοίς
561 2886 810 2982 ἀνθρώποις
831 2889 897 2973 ὃν]
933 2900 1017 2962 Ante
1042 2900 1119 2962 haee
1146 2901 1243 2963 vei-ba

326 2994 471 3058 videntur
494 2997 644 3078 quaedam
666 2996 831 3060 excidisse.
877 2996 1023 3078 (Bloch.)

240 3099 295 3178 21)
324 3093 366 3164 ὃν
387 3100 430 3163 δὲ
451 3097 544 3176 καὶ]
582 3098 659 3164 Ald.
683 3093 758 3166 οὐδὲ
780 3104 835 3168 καὶ
857 3103 1019 3166 mendose.

239 3201 295 3280 22)
321 3195 457 3286 μάτην
492 3201 684 3284 γίγνεται
724 3198 971 3286 [γεγονότος
1003 3205 1147 3286 κενῶς]
1192 3208 1244 3272 Sic

324 3301 406 3366 edidi
428 3312 557 3366 auctore
580 3303 716 3367 Bloehio
738 3325 800 3386 pro
829 3299 937 3390 μάτην
968 3307 1147 3392 γίγνεσθαι
1180 3323 1241 3376 etc.

323 3405 429 3469 verbis
450 3399 625 3497 γεγονότος
646 3405 741 3484 κενῶς
761 3419 907 3491 tanquam
929 3410 1043 3492 spuriis
1058 3412 1178 3478 uncinis
1192 3413 1241 3477 in-

324 3507 436 3586 clusis,
475 3493 533 3572 nisi
566 3509 727 3572 credamus
762 3521 792 3572 et
821 3510 872 3573 hie
900 3515 1050 3594 quaedam
1072 3516 1238 3580 excidisse.

190 3645 195 3656 ν
325 3608 473 3675 Caninius
503 3611 619 3696 legisse
649 3611 773 3675 videtur
801 3607 908 3697 μάτην
936 3615 1080 3700 γίγνεται
1110 3622 1166 3686 καὶ
1190 3642 1241 3686 κε.

322 3713 394 3790 νῶι.
438 3712 512 3790 (⁰·)

240 3817 293 3896 23)
319 3811 443 3882 Ἀλλά
474 3811 552 3902 γάρ
586 3809 635 3892 άς
662 3816 827 3904 ἔχοντες
857 3815 1007 3886 τούτου
1030 3820 1102 3902 τὴν
1122 3825 1240 3905 ἐξον-

324 3918 439 3996 σὶαν]
470 3915 567 3984 Conf.
591 3919 685 3986 Libn.
709 3923 747 3984 de
770 3921 851 3988 Fato
876 3921 957 4006 Cap.
980 3926 1045 3996 iu.
1083 3926 1155 4007 (Ο.)
