2774 4756
225 333 290 400 m

312 499 477 594 δννὰμενα
507 498 678 586 σώζεσθαι
715 503 812 568 Mon.
842 503 975 569 Aldinae
1006 504 1040 566 2.
1068 515 1100 568 et
1121 501 1230 571 Casel.

313 609 417 674 Male.
461 607 535 688 (Ο.)

231 713 286 793 13)
314 709 687 801 κατηγορεῖσθαι]
715 711 823 774 Ham.
845 713 1088 801 κατηγορεῖται.
1127 710 1232 776 Male.

641 937 727 981 cn.
750 939 826 980 vm.

255 1042 289 1122 1)
316 1037 687 1132 προηγουμέναις]
716 1037 770 1103 Sic
790 1039 869 1105 Ald.
893 1038 925 1101 1.
948 1037 1236 1130 εῑΒοο1.προη-

316 1145 481 1230 γουμένως
501 1142 580 1207 Ald.
603 1143 637 1206 λ.

253 1247 288 1329 2)
315 1241 362 1314 τὸ
389 1240 620 1334 γινόμενον
647 1240 729 1314 ἆπὸ
756 1238 904 1335 τύχης]
940 1244 994 1310 Sic
1014 1247 1124 1312 Havn.
1146 1244 1237 1311 Reli·

317 1348 373 1436 qui
393 1345 433 1416 τὸ
453 1344 626 1438 γενόμενον
647 1377 681 1418 α.
702 1374 732 1417 τ.
846 1377 849 1382 ’

253 1449 290 1537 3)
317 1449 663 1542 σημαινομένων]
688 1453 767 1518 Ald.
789 1453 823 1517 2.
846 1454 1097 1542 σημαινομένου.
1132 1453 1238 1518 Male.

206 1615 214 1628 .
254 1559 289 1638 1)
317 1551 435 1637 τινὰ]
477 1557 555 1620 Ald.
585 1557 618 1620 λ.
648 1554 741 1635 τινὰς
761 1556 887 1622 vitiose.
929 1556 971 1620 In
991 1577 1083 1642 seqq.
1110 1578 1173 1642 pro
1194 1551 1239 1624 ἂν

230 1671 233 1680 ¹
320 1656 424 1727 αιιω
444 1659 523 1725 Λα.
545 1659 578 1724 ε.
599 1660 698 1724 hahet
717 1655 780 1751 ..ζα
801 1655 916 1726 mov.

255 1765 288 1845 5)
318 1757 511 1856 ὀρύσσων
539 1762 604 1841 τίς
624 1760 756 1844 τινὸς]
799 1759 889 1841 τινὸς
911 1761 1015 1826 addidi
1036 1784 1078 1827 ex
1098 1762 1178 1828 Ald.
1201 1761 1238 1826 2.

319 1877 351 1930 et
373 1865 482 1932 Casel.
504 1867 544 1932 ln
564 1867 643 1932 Ald.
668 1867 700 1930 1.
723 1879 755 1930 et
775 1868 885 1931 Lond.
908 1868 1011 1930 abest.
1055 1867 1129 1948 (Ο.)

254 1969 291 2053 6)
318 1964 365 2037 τὸ
391 1964 763 2063 προοφειλόμενον
789 1968 959 2056 λαβεῖν]
996 1970 1057 2034 ·Sie
1078 1969 1161 2034 edidi
1180 1991 1239 2034 au·

318 2072 466 2138 ctoritate
487 2076 562 2138 cod.
579 2076 689 2140 Havn.
711 2086 743 2138 et
763 2075 861 2139 Mon.
884 2073 939 2158 qui
957 2075 1076 2137 habent
1096 2097 1238 2167 προφει-

318 2171 465 2265 λόμενον.
485 2178 571 2242 Edd.
593 2172 901 2270 προςοφειλόμενον.
921 2177 1024 2241 Male.
1045 2177 1117 2242 Imo
1134 2201 1240 2268 προο-

317 2273 522 2373 φειλόμενον,
543 2283 631 2364 quod
643 2281 894 2367 sensusflagitat,
910 2291 970 2359 est,
985 2283 1135 2362 pecunia
1145 2300 1238 2364 quae

320 2393 424 2449 amen
445 2384 515 2464 ipsi
532 2385 723 2451 debebatur.
763 2384 838 2466 (0.)
1032 2381 1036 2388 ’

256 2483 291 2564 7)
319 2480 365 2551 τὸ
387 2486 430 2551 δέ
451 2479 607 2554 τούτου
629 2486 770 2567 τέλος]
812 2486 882 2552 scil.
904 2481 1051 2554 κατὰτὸ
1072 2485 1240 2572 σνμβεβηη

319 2581 377 2664 κὸς
390 2586 461 2652 finis
475 2586 677 2676 contingens,
701 2611 767 2654 non
777 2589 988 2656 voluntarius.
1003 2591 1091 2654 Bene
1107 2588 1236 2652 Schult-

318 2691 459 2756 λειαίνει
490 2691 590 2774 Ιεποε
610 2714 680 2757 war
699 2692 752 2758 die
771 2692 1108 2771 αἰαιεαᾶεῖλνεᾳσλιε,
1128 2691 1236 2756 dieses
1332 2747 1335 2754 .

321 2792 381 2857 der
398 2788 548 2878 Λατῖνος
567 2792 747 2859 derselben.
800 2793 908 2859 Grotii
935 2793 1041 2858 versio
1069 2791 1241 2856 admodum

280 2893 285 2910 ¹
320 2894 460 2958 obseura
474 2905 535 2958 est.
580 2894 699 2961 Melius
718 2907 831 2961 contra
846 2896 1039 2983 Bagolinus‚
1062 2895 1156 2960 illud
1164 2895 1242 2978 qui-

322 2993 402 3060 dem
419 3016 530 3062 causa
549 2998 721 3078 effectrix,
742 3000 808 3063 λεοο
831 3020 907 3064 vero
928 3002 1001 3065 εἰσι
1012 2997 1099 3076 finis
1118 2992 1242 3072 (malim

320 3092 390 3160 λοι
410 3115 487 3160 vero
507 3098 581 3162 εῖαε
601 3098 724 3180 exitus,
744 3104 907 3184 Ιανεαλαε).
937 3100 1020 3162 Nam
1034 3112 1070 3163 ut
1083 3100 1163 3163 bene
1179 3096 1241 3163 ci-

317 3215 397 3260 cero
420 3197 458 3259 de
480 3196 563 3262 Fato
587 3193 670 3280 Cap.
695 3198 749 3263 19.
771 3199 905 3264 interest
918 3203 1005 3265 inter
1018 3221 1144 3266 οααεσε
1156 3199 1242 3282 sor-

320 3298 411 3360 tuito
432 3307 645 3382 magram
664 3308 698 3364 et
718 3301 805 3364 inter
825 3319 950 3362 σααιαε
980 3300 1171 3366 cohibentes
1201 3301 1241 3364 in

321 3414 358 3460 τε
378 3395 606 3477 efficientiam
624 3399 832 3463 naturalem,
874 3399 938 3462 Sed
958 3401 1068 3466 dubito
1090 3397 1239 3484 equidem

321 3515 425 3561 annon
453 3497 623 3584 legendum
651 3498 691 3562 sit
718 3494 758 3565 τὸ
791 3501 826 3566 δέ
855 3496 974 3570 τούτου
997 3500 1036 3571 οὗ
1057 3506 1149 3581 τέλος
1169 3501 1240 3566 hoc

321 3609 438 3664 autem
457 3601 554 3663 ιλλίαι
574 3621 644 3664 non
656 3597 741 3678 finis
762 3603 844 3683 (scil.
867 3612 1097 3690 spontaneus).
1135 3602 1210 3686 (Ο.)

257 3701 293 3781 8)
323 3696 463 3788 ἔσχεν]
506 3699 583 3762 Ald.
609 3702 641 3763 1.
665 3699 766 3790 ἔσχων
787 3705 914 3772 νίῑίοεε.

256 3803 291 3884 9)
318 3806 385 3868 καὶ
408 3801 444 3867 τέ
466 3800 549 3881 ὁεῖ]
573 3801 651 3867 Ald.
675 3807 706 3868 1.
729 3813 785 3873 καλ
806 3810 838 3877 τί
859 3811 934 3876 δεῖν.
977 3809 1016 3872 In
1037 3831 1105 3893 seq.
1130 3811 1242 3874 eadem

321 3904 399 3971 Ald.
420 3904 662 3996 παραδείγματι
682 3929 745 3992 pro
766 3912 1030 4002 παραδείγματα.
1072 3913 1173 3982 Male.
