2758 4760
113 602 152 644 an
179 601 260 642 vero
282 579 345 642 tale
365 580 421 656 sit,
447 593 481 643 nt
499 580 600 663 possit
624 581 789 659 declinari,
815 604 873 644 neu
890 581 1012 663 penitus
1033 580 1064 642 in
1087 602 1121 640 se

111 683 331 746 necessitatem
355 686 482 747 habeat.
536 687 588 746 Ex
611 685 767 747 communi
789 685 913 767 quidem
938 687 997 746 hac
1024 687 1061 746 de
1085 705 1121 746 re

113 787 277 851 hominum
291 785 427 862 iudicio,
452 800 597 851 neutrum
615 789 730 850 horum
746 787 879 850 firmiter
890 801 1025 853 statuere
1043 809 1123 870 posu,

111 911 231 952 sumus.
277 890 475 971 Quandoque
490 891 571 954 enim
584 891 699 953 Fatum
719 894 882 954 decantant
904 914 941 954 ac
962 892 1121 954 celebrant

87 1004 259 1074 ¹tanquam
279 992 509 1068 necessarium
544 996 732 1076 quandoque
759 1007 860 1058 alitem
889 1016 951 1057 non
984 1011 1119 1075 prorsus

111 1096 225 1158 Fatum
238 1094 472 1158 continuitatem
486 1117 677 1160 conservare
692 1100 833 1158 credunt.
873 1099 955 1158 Nam
970 1096 1025 1179 qui
1039 1098 1119 1162 mul·

110 1197 148 1260 tis
181 1198 289 1260 verbis
327 1199 432 1260 conati
467 1212 539 1260 sunt
567 1202 733 1262 ostendere
762 1201 875 1262 Fatum
911 1200 1119 1266 necessarium
1179 1253 1182 1266 ,

110 1321 198 1375 esse,
239 1300 342 1364 omnia
375 1301 435 1382 ipsi
468 1301 694 1377 attribuentes,
729 1302 761 1364 in
797 1301 971 1366 actionibus
1008 1314 1119 1384 postea

110 1404 193 1466 vitae
223 1424 288 1469 non
314 1403 460 1466 videntur
480 1403 542 1488 ipsi
567 1404 661 1466 fidem
685 1407 814 1467 habere.
859 1406 941 1473 Nam
960 1405 1120 1468 fortunam

109 1507 295 1588 plerumque
319 1506 505 1583 inclamant,
543 1508 677 1571 latentes
704 1509 784 1570 hanc
810 1508 964 1574 diversam
994 1529 1119 1570 causam

108 1632 127 1674 a
144 1610 229 1671 Fato
250 1630 331 1676 esse.
378 1609 462 1690 Quin
484 1613 560 1672 deos
579 1633 736 1694 nunquam
754 1611 879 1692 precari
897 1622 1036 1686 cessant,
1061 1631 1120 1674 ceu

108 1712 226 1795 aliquid
257 1714 296 1774 ab
332 1712 393 1776 illis
426 1726 561 1796 propter
592 1736 704 1796 preces
737 1714 839 1796 possit
871 1716 963 1778 etiam
994 1726 1120 1796 praeter

108 1817 223 1878 Fatum
245 1815 337 1878 effici.
394 1817 457 1878 Sed
479 1819 658 1880 consultant
687 1815 814 1901 quoque
848 1820 886 1880 de
911 1820 1006 1880 rebus
1037 1838 1055 1881 a
1085 1838 1120 1880 se

108 1918 257 2004 agendis:
295 1918 382 2002 atqui
415 1942 484 1982 eum
513 1921 592 1986 haec
621 1943 748 2004 quoque
778 1921 860 1984 Fato
897 1921 967 1988 fieri
985 1920 1118 1995 dicant,

106 2035 209 2086 tamen
237 2022 434 2086 consiliarios
462 2036 640 2099 arcessunt,
677 2035 708 2086 et
732 2024 861 2087 oracula
884 2045 1011 2105 quoque
1033 2023 1119 2086 adire

107 2148 170 2190 non
195 2137 365 2199 verentur3
389 2137 537 2208 tanquam
554 2126 694 2208 possint,
718 2126 746 2189 si
766 2125 1009 2207 praedidicerint
1025 2147 1118 2188 cave-

108 2249 142 2291 re
170 2229 210 2290 ab
234 2228 359 2312 aliquo,
395 2233 482 2311 quod
511 2233 593 2294 Fato
617 2232 777 2292 decretum
806 2228 859 2295 sit,
892 2229 1119 2317 ‘Quamobrem

106 2353 204 2414 quum
232 2331 265 2393 hi
298 2331 358 2394 sibi
392 2334 614 2418 refragantur,
660 2333 745 2396 circa
772 2353 823 2395 res
857 2331 1006 2395 maximas
1039 2333 1118 2394 adeo

108 2446 217 2514 aperte
240 2434 465 2498 dissensionem
487 2437 656 2513 habentes,
681 2436 794 2500 merito
817 2436 914 2520 igitur
931 2435 1023 2498 fictae
1046 2435 1120 2498 illac

107 2537 270 2614 rationes,
306 2560 383 2620 quas
407 2542 446 2602 ad
465 2541 580 2602 horum
602 2541 805 2604 concordiam
825 2541 964 2614 addunt,
1000 2560 1018 2604 a
1039 2560 1119 2600 vero

107 2652 139 2703 et
161 2663 179 2703 a
201 2641 263 2702 fide
288 2663 422 2722 prorsus
451 2643 568 2707 alienae
593 2657 676 2708 sunt.
722 2643 859 2705 Videtur
887 2663 988 2725 porro
1018 2642 1050 2704 in
1079 2641 1117 2704 iis
1169 2649 1177 2662 '

106 2765 189 2827 quae
214 2737 404 2828 generantur
434 2758 466 2808 et
491 2760 760 2829 corrumpuntur,
797 2746 1011 2830 contingentia
1036 2767 1118 2828 quos

108 2868 169 2929 que
191 2868 282 2924 esse,
308 2869 388 2930 quae
406 2827 440 2909 ut
467 2850 542 2911 nibil
565 2851 743 2914 necessario
762 2850 816 2911 fiat
835 2850 865 2912 in
891 2849 927 2911 iis
950 2849 1117 2932 inquibus
1152 2857 1155 2866 “

104 2950 171 3024 sit,
183 2971 276 3012 causa
298 2963 356 3014 est.
401 2953 652 3035 Perquirendum
669 2953 767 3037 igitur
782 2974 818 3014 ac
834 2953 1058 3018 discutiendum
1075 2954 1114 3016 de

106 3073 168 3129 eo,
200 3052 268 3134 siue
293 3054 350 3130 sit,
385 3055 453 3117 sive
476 3079 541 3119 non
572 3057 623 3123 sit.
668 3059 758 3119 Haec
787 3056 867 3118 enim
896 3067 1007 3117 natura
1038 3056 1115 3135 defi?

107 3158 174 3220 nita
197 3160 237 3219 ad
258 3157 474 3246 reperiendam
494 3161 565 3223 Fati
583 3160 787 3224 substantiam
805 3158 896 3221 nobis
915 3178 1115 3239 summopere

107 3260 271 3328 conducit.
327 3261 408 3328 Satis
432 3285 506 3325 sane
536 3263 780 3328 est.communis
803 3285 877 3324 usus
901 3264 941 3324 ad
963 3259 1115 3324 constitu·

107 3363 229 3426 tionem
261 3365 472 3450 contingentis
504 3380 656 3432 naturae:
693 3367 795 3430 nullus
828 3365 909 3427 enim
936 3386 975 3425 ne
1004 3385 1114 3429 eorum

108 3467 253 3550 quidem,
289 3469 342 3552 qui
374 3469 478 3536 omnia
511 3491 551 3532 ex
584 3472 768 3534 necessitate
800 3468 870 3530 fieri
899 3467 1051 3528 affirmant
1084 3466 1116 3530 in

106 3570 173 3634 vita
199 3583 231 3634 et
256 3573 431 3638 actionibus
457 3574 558 3649 sitae,
597 3597 661 3636 non
690 3585 821 3640 testatur
843 3592 937 3653 posse
965 3573 1115 3654 quaedam

106 3694 221 3738 eorum
244 3697 322 3758 quae
336 3676 431 3752 fiunt,
455 3699 520 3740 non
542 3677 629 3754 fieri,
655 3690 685 3742 et
707 3699 816 3740 eorum
839 3695 919 3764 quiae
937 3695 1000 3737 non
1021 3673 1111 3747 fiunt,

109 3777 193 3840 fieri.
255 3779 432 3858 Quinetiam
465 3781 496 3843 id
524 3781 645 3844 ratione
673 3783 838 3846 ostendere
874 3777 1026 3862 perfacile
1054 3789 1113 3840 est.
1209 3794 1211 3798 ’

112 3880 219 3942 Multa
238 3882 321 3944 enim
351 3904 462 3946 eorum
484 3906 563 3967 qnae
585 3884 664 3946 fiunt
685 3883 800 3966 partim
825 3905 842 3944 a
864 3895 974 3954 natura
1000 3878 1115 3962 partim

111 4002 128 4046 a
155 4005 229 4090 casu
259 3985 330 4050 fieri
367 3987 397 4050 in
438 3989 585 4052 confesso
614 3999 674 4051 est.
729 3989 817 4069 ‚Esse
861 3998 962 4048 autem
999 3981 1115 4064 aliquid
