2758 4760
1046 469 1105 532 ill

95 654 183 708 mus,
219 652 285 696 non
310 642 412 694 autem
436 628 554 713 assensi
574 629 865 715 imaginationibus,
900 647 935 698 ut
957 636 1015 700 aha
1038 639 1104 701 ani·

95 734 212 800 mantia
234 731 365 798 rationis
389 733 550 817 expertia,
574 734 643 800 illas
668 736 839 819 sequimur.
897 737 1105 804 Consiliarios

95 859 225 924 quoque
245 836 445 913 adhibemus,
482 858 563 920 quos
585 837 744 900 videamus
766 839 838 920 plus
861 841 977 924 aliquid
997 847 1036 906 ad
1057 844 1106 906 iu·

96 941 286 1006 dicationem
305 952 336 1003 et
359 939 546 1004 electionem
557 941 717 1022 propositi
731 945 896 1022 prodesse.
942 945 1010 1007 Iam
1025 968 1105 1010 vero

96 1049 133 1109 de
158 1044 333 1108 maioribus
363 1066 400 1107 ae
424 1043 654 1108 difficilioribus
676 1043 763 1124 ipsos
793 1045 882 1110 Deos
909 1049 1106 1112 consiliarios

96 1151 255 1212 advocare
273 1169 338 1210 non
364 1168 532 1221 veremur,
570 1159 721 1231 rogantes
752 1150 791 1210 ab
817 1149 894 1230 ipsis
925 1151 1028 1215 dicere
1054 1166 1108 1216 aut

94 1273 152 1334 per
179 1251 330 1328 oracula,
356 1263 409 1312 aut
432 1271 491 1332 per
513 1249 708 1314 consiliarios
731 1253 845 1332 (vates)
865 1265 917 1314 aut
935 1275 1001 1336 ,per
1023 1276 1107 1318 som-

95 1355 335 1438 niaquaedam,
359 1365 433 1416 utra
450 1374 509 1417 nos
525 1352 632 1434 potius
652 1353 768 1438 eligere
786 1366 935 1436 oporteat
954 1378 995 1419 ex
1011 1379 1108 1439 quae-

95 1458 173 1522 sitis.
220 1456 302 1520 Satis
325 1469 429 1518 autem
457 1456 488 1518 id
515 1475 642 1538 quoque
672 1460 884 1538 comprobare
906 1472 1040 1540 possunt
1062 1461 1109 1522 le-

96 1583 171 1646 gum
194 1559 391 1634 sanctiones,
417 1556 530 1641 quihus
553 1559 697 1622 doctrina
715 1565 911 1642 quorundam
934 1563 1131 1644 imperatur'

97 1676 127 1726 et
150 1663 302 1738 iubetur,
335 1683 415 1746 quae
436 1661 498 1724 sint
521 1665 659 1746 agenda:
694 1675 726 1725 et
746 1664 948 1746 honorantur
966 1667 1020 1750 qui
1046 1666 1106 1730 illis

95 1778 226 1850 parent,
266 1765 456 1826 mulctantur
482 1764 537 1846 qui
563 1759 700 1828 minime.
760 1765 960 1853 Contingens
980 1791 1108 1853 quoque

98 1882 165 1946 est,
191 1869 344 1952 siquidem
364 1867 531 1952 innostro
554 1868 686 1932 arbitrio
705 1881 752 1932 est
768 1869 874 1934 iacere
890 1875 954 1936 hoe
975 1866 1107 1937 velden
1167 1943 1169 1951 p

97 1975 218 2038 facere.
264 1970 346 2035 Cum
365 1992 445 2034 vero
463 1970 497 2033 id
515 1969 560 2034 ita
581 1971 638 2048 sit,
663 1971 856 2054 impossibile
876 1989 974 2038 estut
995 1979 1108 2040 Fatum
1131 2003 1134 2010 ¹

99 2075 138 2139 sit
155 2074 393 2150 necessarium,¹
418 2095 490 2136 eum
512 2073 545 2136 in
567 2073 604 2136 iis
627 2087 790 2150 versetur,
829 2077 862 2139 in
884 2079 997 2161 quibus
1016 2080 1109 2142 etiam

98 2180 235 2242 liberum
264 2177 428 2240 arbitrium
456 2177 561 2240 locum
590 2177 698 2240 habet.
764 2178 844 2242 Satis
874 2180 948 2244 item
977 2195 1111 2263 possunt

100 2296 176 2348 vota
198 2294 230 2344 et
248 2269 383 2364 preces,
416 2301 495 2364 quae
520 2279 591 2342 Diis
617 2281 809 2358 funduntur,
845 2274 928 2347 cum
946 2285 997 2348 alii
1019 2307 1111 2348 aver·

99 2387 221 2452 sionem
244 2397 275 2448 et
294 2384 403 2467 sugam
429 2382 557 2446 alicuius
579 2383 626 2447 rei
647 2386 686 2446 ah
707 2384 784 2465 ipsis
810 2398 935 2468 petant,
974 2389 1026 2452 alii
1051 2392 1111 2452 bo·

98 2512 213 2555 norum
245 2486 464 2572 largitionem,
498 2497 645 2568 tanquam
679 2491 830 2570 quaedam
861 2492 1047 2576 contingant
1081 2505 1113 2555 et

98 2616 166 2658 csse
193 2604 225 2656 et
246 2612 310 2656 non
333 2601 468 2672 propter
493 2602 634 2653 nostram
656 2590 841 2672 petitionem
864 2616 882 2656 a
904 2593 996 2670 Diis,
1036 2595 1111 2658 satis
1188 2631 1189 2634 κ

72 2698 226 2780 'inquam
253 2695 393 2776 probare
422 2705 557 2776 possrmt
590 2714 658 2756 esse
696 2697 848 2777 quaedam
884 2697 1111 2781 contingentia.

99 2801 185 2882 Quin
213 2798 306 2867 etiam
331 2818 372 2859 ex
396 2795 531 2860 naturali
558 2796 708 2878 cuiusque
731 2799 810 2861 entis
834 2801 1057 2864 constitutione
1081 2800 1114 2863 id

96 2905 188 2970 facile
210 2900 372 2986 cognosci
399 2911 518 2981 potest.
578 2901 700 2962 Natura
730 2901 810 2962 enim
839 2902 871 2964 in
899 2902 936 2966 iis
965 2926 1044 2986 quae
1072 2925 1113 2966 ex

96 3005 283 3073 necessitate
309 3015 381 3067 sunt
402 3015 433 3066 et
452 3003 549 3077 fiunt,
582 3003 697 3064 nullam
721 3003 923 3083 aptitudinem
946 3010 984 3070 ad
1004 3029 1110 3088 oppo-

96 3113 154 3179 sita
177 3110 278 3184 dedit,
303 3109 358 3176 sed
382 3105 530 3188 ineptiam
556 3107 596 3167 ad
620 3103 822 3186 imposibilia.
868 3109 1001 3172 Frustra
1029 3111 1111 3172 enim

96 3213 280 3278 habuissent
306 3209 508 3292 aptitudinem
526 3211 565 3270 ad
583 3207 786 3274 mutationem
806 3208 839 3272 in
860 3212 915 3272 has
938 3233 1012 3288 res,
1039 3233 1111 3274 cum

97 3315 294 3400 impossihile
331 3323 413 3376 esset
448 3334 484 3374 ea
515 3311 604 3374 aliter
638 3311 767 3374 habere.
837 3313 989 3376 Videmus
1027 3315 1112 3378 enim

98 3422 206 3508 ignem
228 3439 330 3501 neque
351 3414 531 3501 frigiditatis
556 3425 746 3495 potestatem
771 3415 802 3478 in
828 3437 862 3478 se
883 3418 1020 3494 habere,
1056 3440 1111 3482 ne-

97 3547 160 3610 que
183 3523 289 3586 nivem
311 3518 505 3604 nigredinis,
530 3539 633 3600 neque
656 3517 767 3602 gravia
789 3519 949 3595 levitatis,
974 3515 1114 3585 simodo

98 3631 208 3692 eadem
230 3636 374 3688 maneant
408 3642 488 3705 quae
517 3632 602 3684 sunt.
658 3623 771 3703 Neque
802 3622 998 3704 sempiternis
1032 3625 1117 3688 dedit

98 3745 134 3796 ut
158 3729 322 3812 eorrumpi
346 3726 481 3810 possint.
542 3723 738 3804 Quibusdam
763 3737 866 3788 autem
898 3727 1031 3812 elargita
1054 3739 1112 3802 est,

98 3847 134 3898 ut
160 3856 226 3900 non
245 3830 424 3906 necessario
443 3829 475 3892 in
499 3828 600 3890 altero
625 3827 848 3908 oppositorum
871 3842 973 3893 essent
989 3829 1115 3892 definite

99 3951 131 4002 et
159 3921 335 4000 manerent.
395 3934 502 4014 Atque
535 3933 613 3992 haec
646 3952 663 3990 a
695 3942 808 3992 natura
838 3934 1115 4014 praeparationem

100 4037 281 4110 mutationis
311 4037 342 4100 iu
377 4036 561 4118 oppositum
589 4035 718 4096 hahent.
786 4033 953 4099 Eiusmodi
975 4036 1119 4127 plurima
