2728 4758
1040 391 1100 455 2¹5

1 570 4 577 ·
100 559 268 637 ,al-nibus,
304 570 377 636 ane,
416 559 456 622 ab
485 555 604 622 iniustis
636 554 753 638 nuptiis
779 557 935 632 abstinere
968 561 1097 638 Persas,

99 687 200 752 neque
222 666 320 729 Indos
346 661 398 726 uri
418 659 591 744 prohibet,
628 670 681 722 ant
703 679 720 720 a
742 659 872 752 canibus
895 662 945 724 edi
967 662 1097 750 Medos,
1150 655 1153 660 ’

99 783 152 835 aut
173 767 277 832 multis
299 764 504 829 matrimoniis
526 755 616 847 iungi
637 763 805 840 Parthos,
835 775 888 826 aut
909 776 1008 827 rastas
1032 787 1100 829 esse

99 869 354 954 Mesopotamiae
385 865 538 943 seminas,
577 877 629 928 aut
658 867 800 930 Graecos
836 867 980 930 exerceri
1011 869 1101 932 nudis

100 974 314 1057 corporibus,
337 1009 339 1014 ·
360 983 413 1034 aut
441 972 606 1054 Romanos
637 957 811 1049 imperare,
855 982 908 1033 aut
937 971 1103 1034 Gallorum

99 1080 230 1144 iuvenes
250 1079 387 1150 nubere,
426 1093 528 1157 neque
550 1073 702 1136 barbaras
726 1083 834 1155 gentes
857 1073 953 1157 adigit
975 1074 1103 1154 partiei-

99 1203 176 1267 pare
199 1183 415 1253 Graecorum,
438 1188 473 1238 ut
495 1175 672 1258 loquimur,
698 1176 824 1238 Musas.
869 1175 949 1252 Sed,
973 1188 1008 1238 ut
1024 1177 1101 1254 dixi,

69 1301 73 1304 ’
101 1307 180 1374 gens
203 1303 344 1367 quaeque
366 1293 397 1344 et
418 1279 580 1342 hominnm
602 1278 735 1361 quisque
758 1278 856 1340 utitur
877 1300 934 1340 sua
958 1279 1104 1342 libertate

102 1401 137 1454 nt
157 1388 227 1452 vult
250 1399 281 1449 et
303 1386 428 1468 quaudo
451 1384 542 1458 wilt,
578 1382 738 1464 servitque
768 1380 885 1465 origini
914 1393 944 1443 et
973 1395 1104 1445 naturae

101 1515 159 1579 per
182 1513 275 1575 quain
297 1509 402 1552 carne·
415 1498 462 1550 est
484 1485 712 1564 circumdatus,
747 1485 861 1567 partim
890 1485 1001 1548 volens
1029 1507 1106 1567 par·

103 1598 158 1661 tim
190 1615 250 1657 nee
278 1592 404 1658 volens.
463 1588 590 1672 Ubique
619 1588 701 1656 enim
732 1588 879 1652 locorum
908 1600 938 1650 et
966 1588 1106 1652 inomni
1216 1649 1221 1659 ,

103 1711 197 1787 gente
220 1707 292 1760 sunt
314 1694 448 1768 divites,
469 1704 541 1754 sunt
562 1713 750 1774 pauperes,¹
769 1687 840 1753 suin
863 1692 917 1774 qui
938 1692 1105 1775 imperant,

104 1813 176 1866 sunt
198 1799 253 1884 qai
272 1810 402 1880 parent,
441 1808 513 1858 sunt
546 1797 626 1857 bene
660 1795 822 1874 valentes,
858 1807 930 1857 sunt
963 1798 1105 1881 aegroti,

104 1906 240 1991 quisque
259 1923 321 1985 pro
344 1913 433 1965 ortus
457 1898 505 1964 sui
527 1910 627 1962 sorte.
672 1899 780 1978 Haeo,
803 1900 1002 1975 bardesane,
1042 1897 1110 1962 dixi

106 2029 188 2095 ego,
214 2005 306 2068 valde
328 2025 362 2066 se
384 2003 477 2066 nobis
491 2005 693 2083 persuadent.
738 2004 861 2065 Verum
884 2002 968 2064 aiunt
990 2003 1109 2066 Astro-

105 2110 210 2186 nomi,
231 2120 361 2170 'terram
392 2127 516 2168 omnem
547 2104 642 2168 dividi
662 2104 695 2166 in
715 2117 834 2168 tractus
856 2117 1000 2187 septem:
1037 2105 1108 2168 uni-

106 2215 219 2298 cuique
243 2223 346 2274 alitem
367 2209 483 2272 tractui
503 2228 651 2290 praeesse
679 2230 772 2271 ninam
802 2212 839 2271 de
869 2209 960 2294 vagis
989 2209 1107 2272 stellis:

107 2337 209 2402 neque
242 2335 322 2378 vero
351 2312 494 2375 homines
526 2312 614 2393 ipsos
644 2311 704 2374 sibi
732 2313 837 2398 legum
866 2313 996 2376 istarum
1018 2313 1109 2374 diffe-

106 2420 240 2484 rentium
271 2416 368 2481 fnisse
401 2426 565 2490 auctores,
604 2417 661 2477 sed
689 2415 721 2478 iu
750 2437 877 2498 quoque
905 2429 1009 2478 tractu
1031 2438 1111 2497 pro-

106 2525 226 2608 pellere
260 2518 423 2582 arbitrium
449 2505 611 2600 regnantis
636 2517 680 2579 ibi
712 2518 845 2594 sideris,
884 2519 978 2601 idque
1007 2519 1110 2600 ipsum

107 2649 169 2712 pro
191 2627 265 2710 lege
286 2622 397 2685 haberi
426 2643 442 2684 a
471 2621 601 2684 subditis
629 2620 705 2703 ipsis
734 2621 875 2704 populis.
920 2622 965 2686 At
989 2623 1111 2684 Barde-

65 2739 70 2746 '
107 2752 218 2795 sanes:
257 2729 332 2790 Nou
362 2725 394 2788 id
422 2726 509 2807 quod
538 2746 649 2787 verum
678 2737 725 2787 est
753 2725 784 2787 in
807 2746 840 2788 se
862 2727 957 2789 habet
978 2724 1038 2788 ista
1059 2745 1111 2787 re·

108 2832 260 2916 sponsio,
290 2827 453 2910 Philippo.
498 2827 569 2891 Etsi
591 2828 672 2890 enim
694 2840 850 2890 terrarum
872 2827 960 2891 orbis
982 2827 1013 2890 in
1036 2849 1112 2909 par·

25 2962 28 2968 ¹
108 2950 156 3000 tes
186 2933 344 2998 dividatsn·
371 2942 513 3011 septem,
557 2942 660 2993 tamen
692 2931 724 2994 in
756 2933 818 2994 una
849 2943 941 3012 parte
971 2932 1112 2994 videmus
1210 2989 1213 2996 .

109 3039 223 3103 multas
250 3037 357 3121 legum
391 3032 593 3108 differentias.
643 3035 757 3116 Neque
785 3032 866 3097 enim
894 3047 1014 3116 septem
1042 3048 1113 3098 tan·

109 3141 275 3205 nimmodo
305 3138 391 3222 leges
421 3149 509 3213 sunt,
549 3148 583 3199 ut
605 3148 724 3218 septem
746 3137 870 3215 sidera,
908 3157 1010 3220 neque
1033 3141 1113 3200 duo·

109 3245 229 3320 decim,
266 3253 346 3324 quot
371 3252 444 3304 sunt
465 3241 554 3325 signa
582 3239 613 3303 in
640 3239 818 3325 signifero:
855 3261 958 3326 neque
984 3240 1115 3324 triginta

110 3369 187 3423 sex,
218 3366 280 3428 pro
300 3343 399 3428 signis
424 3343 580 3422 Deeauis,
610 3346 665 3406 sed
686 3344 878 3406 innumerae.
931 3343 1116 3407 Meminisse

112 3463 217 3514 autem
241 3446 360 3509 debetis
387 3445 451 3509 eius
482 3448 570 3535 quod
596 3459 666 3510 ante
693 3446 774 3523 dixi,
812 3447 844 3510 in
872 3467 934 3509 una
961 3458 1052 3528 parte
1079 3469 1116 3510 ae

56 3555 62 3573 f
112 3565 217 3618 tractu
242 3552 396 3616 ludorum
422 3549 499 3624 alios
526 3570 594 3612 esse
611 3550 731 3625 Indos,
763 3549 817 3632 qui
838 3542 998 3612 hominum
1020 3571 1114 3613 carne

112 3666 299 3731 vescantur,
323 3651 403 3716 alios
421 3653 475 3735 qui
492 3655 531 3713 ab
550 3651 635 3714 omni
657 3673 749 3715 carne
772 3653 962 3738 abstineant,
988 3663 1018 3716 et
1041 3655 1115 3716 Ma-
1165 3693 1168 3704 ψ

114 3777 251 3846 gnsaeos
283 3776 347 3824 non
379 3755 410 3819 in
439 3755 570 3818 Perside
600 3755 670 3816 sola
695 3755 774 3818 filias
807 3755 866 3818 sibi
897 3755 1004 3818 facere
1033 3779 1115 3824 uxo·

114 3881 185 3936 res,
222 3857 331 3938 sedin
353 3879 540 3943 quacunque
562 3846 656 3940 gente
678 3857 837 3932 habitent,
862 3861 1035 3922 observare
1060 3881 1116 3922 eos
1152 3911 1154 3916 .

113 3964 269 4029 maiorum
292 3962 380 4046 leges
402 3960 538 4032 etimne
562 3960 712 4039 Mystica.
760 3961 822 4024 Sed
845 3975 874 4025 et
897 3964 1007 4026 multas
1029 3985 1117 4026 eom·
