2758 4760
241 405 281 470 92

236 578 361 664 θερον,
388 566 508 659 καὶμὴ
529 567 664 653 ποιῆσαί
684 590 763 638 ποτε
784 567 824 636 τό
840 564 1011 657 γινόμενον
1031 566 1059 647 ⁷)
1082 564 1123 636 δέν
1148 561 1240 636 ἐσλό-

236 703 302 763 γως
321 668 373 743 ὑπ’
400 670 504 742 άυτυῦ
515 723 525 753 ,
556 674 584 740 ἐι
599 671 750 763 προείποι
768 676 818 750 τἰς
837 667 928 764 άυτῷ
944 668 1064 759 μάντις
1084 673 1118 753 ἐξ
1137 666 1241 757 άνάγ-

236 805 296 861 κης
311 774 413 845 ἆυτόν
423 776 521 844 τοῦτο
537 769 679 866 πράξειν.
705 770 812 841 Τοῦτό
826 798 881 841 τοι
893 780 949 841 καὶ
967 779 999 842 οἱ
1009 771 1143 863 μάντεις
1153 777 1238 842 ἐῖναι

237 881 367 968 λέγουσί
386 904 421 946 τε
440 871 647 971 ὑφορώμενοι
659 876 675 925 ⁷
686 878 729 957 a),
749 871 926 968 φεύγοντες
944 874 1023 955 τούς
1039 872 1239 968 παραπόδας

213 986 400 1071 Ιἐλέγχους,
434 977 529 1048 οὐδὲν
555 964 692 1046 ’λαιούτο
720 982 852 1065 λέγουσι
886 983 957 1056 τοῖς
988 981 1114 1065 ἐλέγξαι
1141 983 1241 1047 δυνα-
1304 1024 1306 1028 -

234 1089 361 1174 μένοις,
389 1079 459 1150 ἀλλ’
483 1074 589 1173 ίόσπερ
615 1078 653 1149 τό
683 1078 760 1159 τούς
777 1076 918 1174 χρόνους
936 1076 1053 1173 ὁρίζειν
1074 1082 1138 1150 τῶν
1158 1107 1240 1174 προ·

238 1191 417 1275 λεγομένων
434 1180 487 1252 ὑπ’
500 1182 623 1267 ἀυτῶν,
645 1180 688 1262 ὥς
708 1186 884 1272 ἐσομένων,
906 1178 950 1262 ὡς
970 1185 1155 1270 ἐυὲλεγκτον
1175 1210 1240 1277 φυ-

236 1287 436 1369 λάσσονται,
473 1283 558 1356 όύτω
586 1282 747 1380 φεύγουσι
775 1292 831 1353 καὶ
867 1281 906 1352 τό
931 1289 1101 1377 προλέγειν
1124 1312 1158 1354 τι
1183 1293 1240 1354 καὶ

234 1387 463 1481 μαντεύεσθαι
484 1391 514 1472 ⁸)
532 1395 601 1469 τοῖς
615 1391 806 1480 δυναμένοις
825 1390 1028 1482 παραχρῆμα
1044 1385 1083 1458 τό
1101 1385 1240 1460 άντικεί.

235 1519 332 1568 μενον
351 1495 490 1576 ποιῆσαι
510 1493 570 1561 τοῦ
589 1487 825 1580 μαντεύματος.

304 1801 353 1874 Τό
374 1808 411 1872 δὲ
434 1806 539 1892 λέγειν
559 1799 694 1892 ἐόλογον
715 1807 799 1873 ἐῐναι
816 1799 895 1884 τούς
908 1799 1019 1884 1ύεούς
1036 1801 1081 1872 τά
1097 1801 1238 1895 ἐσόμενα

235 1911 420 2000 προειδέναι
450 1905 589 1988 (ἄτοπον
614 1906 680 1999 γάρ
700 1905 741 1975 τό
761 1910 864 1994 λέγειν
877 1908 1024 1986 Ιἐκείνους
1051 1903 1179 1996 ἀγνοεῖν
1203 1935 1237 1977 τι

233 2014 298 2080 τῶν
322 2014 493 2098 ἐσομένων)
521 2013 697 2079 καὶτοῦτο
725 2007 958 2098 λαμβάνοντας
983 2006 1238 2094 κατασκευάζειν

233 2116 421 2207 πειρᾶσθαι
442 2109 480 2182 δι’
505 2111 609 2182 άυτού
623 2110 663 2181 τό
680 2108 789 2182 πάντα
804 2114 838 2195 ἐξ
852 2108 996 2200 ἀνάγκης
1012 2138 1047 2182 τε
1066 2115 1237 2202 γίνεσθαι,

233 2213 382 2286 καίκαθ’
397 2219 602 2308 ἑιμαρμένην,
623 2213 698 2284 όύτε
718 2213 857 2299 ἀληθὲς,
879 2212 954 2284 όύτε
976 2212 1120 2304 ἐύλογον.
1167 2207 1251 2300 Τῆς

225 2328 293 2410 μέν
319 2317 383 2411 γὰρ
415 2315 544 2412 φύσεως
572 2322 630 2401 τῆς
662 2320 724 2387 τῶν
750 2313 951 2411 πραγμάτων
986 2321 1085 2387 τοῦτο
1107 2318 1235 2413 χωρού-

233 2447 294 2506 σης
320 2424 364 2504 ¹),
395 2420 530 2500 οὐδένας
553 2421 587 2503 ²)
621 2417 838 2514 ἐυλογάιτερον
868 2425 988 2490 ἐιδέναι
1012 2424 1140 2511 μᾶλλον
1169 2424 1235 2498 τοῖν

231 2526 325 2594 θεῶν
341 2521 385 2592 τά
402 2527 582 2614 μέλλοντα,
602 2520 768 2613 ἀδυνάτου
790 2520 819 2593 δ’
837 2521 938 2607 όόσης
952 2529 980 2606 ³)
999 2522 1059 2608 τὴν
1078 2521 1234 2609 τοιαύτην

232 2625 415 2721 πρόῤῥησιυ
435 2633 492 2697 καὶ
512 2623 697 2719 πρόγνωσιν
718 2630 895 2717 δέχεσθαι,
932 2625 1008 2696 οὐδὲ
1031 2625 1110 2707 τούς
1127 2626 1235 2708 θεοὺς

233 2729 367 2818 ἐύλογον
396 2731 444 2798 ἔτι
470 2731 595 2818 γίνεται
619 2727 657 2798 τό
686 2733 804 2800 ἐιδίναι
834 2733 867 2800 τί
890 2734 955 2798 τῶν
975 2727 1146 2800 ἀδυνάτων
1170 2733 1235 2813 5ο).

239 2831 291 2900 Τόι
310 2831 374 2925 γὰρ
405 2829 554 2900 ἀδύνατα
581 2835 621 2928 τῇ
645 2829 752 2902 άυτῶν
776 2830 876 2928 φύσει
903 2824 933 2915 ⁴)
966 2839 1021 2901 καὶ
1046 2831 1138 2920 παρὰ
1162 2842 1234 2914 τοῖς

232 2941 331 3015 θεοῖς
348 2933 408 3018 τὴν
431 2932 535 3018 άυτὴν
557 2931 718 3030 φυλάττει
738 2933 849 3031 φύσιν.
892 2932 1068 3005 Αδύνατον
1091 2935 1156 3029 γάρ
1178 2946 1234 3007 καί

232 3044 302 3118 τοῖς
320 3035 457 3118 δεοῖςέ
478 3036 515 3106 τό
533 3037 593 3122 τὴν
610 3035 785 3131 διάμετρον
799 3040 938 3121 ποιῆσαι
955 3041 995 3135 τῇ
1010 3043 1137 3133 πλευρᾷ
1150 3037 1232 3129 σύμ-

231 3166 367 3234 μετρον,
402 3139 487 3225 ἢτά
513 3145 563 3222 δις
587 3139 647 3211 δύο
674 3147 766 3212 πέντε
794 3145 893 3224 ἐῑναι,
928 3139 1034 3224 ἢτιόν
1053 3139 1233 3230 γεγονότων

231 3270 265 3312 τι
285 3243 331 3332 μί]
348 3249 516 3331 γεγονέναι
543 3246 584 3328 ⁵).
643 3242 726 3313 Οὐδὲ
747 3242 812 3336 γάρ
841 3242 899 3327 τὴν
922 3240 1026 3336 ἀρχὴν
1054 3241 1234 3332 βούλονταί

231 3349 350 3416 τιτῶν
376 3343 545 3416 ἀδυνάτων
571 3341 601 3430 ⁶)
628 3343 727 3429 (ὁύτω
751 3345 815 3440 γάρ
831 3335 873 3431 ἦν
897 3351 930 3417 ἐν
955 3354 1025 3429 τοῖς
1047 3354 1234 3439 λεγομένοις

229 3451 420 3542 δυςχωρίρι)
443 3446 494 3530 ὁῖς
515 3446 634 3539 ὁμοίως
655 3446 818 3519 ἀδύνατον
835 3455 892 3519 καὶ
912 3447 998 3518 τὸέν
1016 3447 1120 3542 οἰκείρι
1135 3449 1234 3546 φύσει

230 3552 306 3641 ἔχον
326 3551 364 3620 τό
390 3549 564 3622 δύνασθαι
586 3554 746 3640 γενέσθαί
776 3579 810 3622 τε
837 3551 978 3643 καὶμὴ,
1012 3549 1055 3634 ὡς
1079 3552 1234 3645 ἐσόμενον

230 3650 360 3735 πάντως
381 3655 428 3736 ⁷),
460 3652 482 3737 ἢ
507 3651 549 3736 ὡς
568 3653 614 3744 μὴ
636 3653 804 3746 ἐσόμενον,
836 3653 921 3726 όύτω
948 3661 1142 3750 προειδέναι.
1181 3657 1232 3728 ’Ec

228 3753 337 3850 γάρὴ
365 3764 438 3850 περὶ
466 3755 573 3828 ἀυτῶν
596 3755 662 3852 πρὸ
692 3757 799 3828 άυτῶν
826 3755 1009 3852 πρόγνωσις
1035 3757 1167 3852 άνοιιρεῐ
1193 3757 1233 3828 τό

230 3864 263 3929 ἐν
288 3858 401 3940 άοτοῖς
425 3857 650 3951 ἐνδεχόμενον,
685 3867 784 3946 δῆλον
816 3858 860 3942 άς
888 3866 917 3932 ἐι
946 3860 1082 3946 σώζοιίο
1115 3867 1232 3948 τοῦτο,

228 3959 391 4045 ἇδύνατσς
420 3961 462 4035 ίίν
485 3962 507 4050 ἡ
527 3969 600 4058 περὶ
626 3962 734 4038 ἀυτῶν
761 3960 946 4058 πρόγνωσις
965 3967 1023 4050 ἐίη.
1063 3960 1140 4037 ’Ότι
1165 3963 1232 4060 γάρ
