2728 4758
409 1188 411 1192 .
504 1103 646 1216 Περὶ
706 1105 1081 1238 Ἐιμροιρμένης

576 1297 619 1361 ἐκ
645 1293 732 1365 τῶν
759 1294 1021 1382 555550'05„

353 1745 497 1863 Περὶὲ
462 1741 497 1810 55
518 1738 712 1857 5555555555
735 1731 876 1806 5555555
899 1763 975 1808 τινα
995 1766 1040 1808 τω
1025 1684 1158 1868 ἀνδρὶ
1186 1737 1285 1826 (1155-

290 1841 426 1929 τωνι)’
407 1849 545 1938 αρέσκει.
586 1837 708 1924 Πάντᾳ
730 1845 790 1930 μέν
818 1865 921 1936 φησιν
943 1845 1022 1911 ἐν
1006 1851 1185 1942 ειμσιρμένη
1203 1849 1286 1925 5555,
1326 1871 1328 1878 ·

292 1949 331 2020 οὗ
359 1947 424 2039 μὴν
448 1942 557 2017 πάντα
583 1945 832 2039 καθείμαρθαι.
877 1940 982 2014 ‘H
944 1973 1007 2040 γαρ
1029 1949 1211 2071 ἕιμαρμένη
1238 1943 1286 2016 55-

291 2079 357 2144 μου
378 2048 507 2134 τάξιν’
492 2054 650 2140 επέχσυσω
676 2045 735 2138 οὐχ
761 2045 833 2116 ὁῖον
857 2043 1036 2136 λέγειν,“
1016 2077 1070 2120 οτε
1093 2047 1112 2119 5
1133 2061 1195 2140 μὲν
1218 2047 1287 2118 5555

291 2154 436 2240 ποιήσει,
470 2151 489 2222 5
511 2157 546 2221 δὲ
568 2148 645 2219 τάδε
662 2153 826 2219 πείσεται·
849 2153 909 2234 (εἰς
930 2151 1066 2247 ἀπειρον
1088 2152 1154 2250 γὰρ
1181 2157 1287 2236 τοῦτο,

292 2258 433 2351 ἀπείρων
452 2288 477 2348 μ
480 2267 513 2326 5
537 2254 640 2324 ὄντων
661 2255 725 2322 τῶν
749 2260 970 2345 γεννωμένων,
1014 2255 1158 2353 ἀπείρων
1180 2261 1214 2327 δε
1234 2257 1289 2324 555

291 2371 365 2456 περὶ
392 2359 480 2428 5555
511 2354 774 2448 συμβοιινόντων
816 2357 926 2426 ἔπειτα
965 2365 1020 2428 καὶ
1052 2359 1093 2429 τὸ
1135 2358 1184 2459 ἐφ
1221 2357 1289 2450 ἡμῖν

292 2461 480 2556 οἰχήσεταί,
510 2469 565 2531 καὶ
591 2462 720 2530 ἔπαινοι
745 2465 800 2529 καὶ
817 2457 940 2554 ψόγοι,
967 2469 1023 2531 καὶ
1044 2466 1115 2533 πάν
1137 2468 1202 2535 5555
1223 2457 1289 2531 505-

291 2595 362 2648 τοις
386 2555 653 2661 παραπλήσιον)
675 2556 842 2631 5555555
870 2566 897 2632 5'5'
921 2592 972 2645 τις
996 2563 1037 2634 55
1063 2573 1181 2653 ἕληται
1206 2561 1289 2664 ψυχὴ

290 2673 442 2740 τοιοῦτον
462 2670 556 2758 βίον,
585 2674 641 2734 καὶ
662 2662 739 2733 τάδε
761 2664 836 2735 τινά
856 2663 985 2759 πράξει,
1014 2666 1095 2740 5555
1120 2670 1197 2742 τινά
1216 2669 1290 2764 5555

210 2837 214 2846 .
290 2781 416 2894 ε’ριετωι.
469 2764 731 2840 Λὸἑσποτον’
691 2795 749 2837 ουν
774 2764 794 2852 5
819 2768 927 2865 ψυχὴ,
971 2778 1025 2839 555
1053 2769 1102 2842 ἐπ
1135 2771 1218 2872 ἀυτη
1203 2776 1291 2862 μὲν

290 2904 328 2944 τυ
316 2869 515 2968 πράξοιι’
494 2903 514 2957 η
534 2871 601 2962 μὴ,
622 2879 677 2940 καὶ
704 2869 750 2963 μὴ
772 2866 1040 2999 κατηνάγκωστυι
1067 2881 1180 2962 τοῦτο,
1202 2905 1240 2945 τυ
1227 2875 1289 2943 δὲ

290 2974 446 3068 ἑπόμενον
464 3003 502 3074 τῃ
487 2974 636 3070 πράξει
658 2973 776 3043 555³r
762 2981 956 3098 ειραρμένην
976 2979 1188 3065 συντελεσθή
1191 2994 1290 3049 σεται·

291 3077 362 3149 ὁῖον
383 3082 446 3175 τῷ,
475 3050 623 3172 Πάρις
605 3077 747 3171 αρπάσει
772 3077 831 3162 τὴν
852 3075 1042 3164 Ἑλένην,
1026 3111 1066 3151 επ
1103 3081 1197 3154 5555
1218 3082 1290 3164 ὄντι,

229 3219 232 3227 ’
290 3180 518 3266 ἀκολουθήσει
543 3179 581 3249 55
604 3178 827 3270 πολεμήσουσι
860 3179 1007 3276 Τρώεσσι
1031 3195 1109 3280 περὶ
1136 3191 1195 3272 τῆς
1211 3184 1291 3256 ‘555'-

288 3316 346 3372 νιις
367 3293 399 3355 05
411 3279 574 3368 Ἕλληνες.
612 3279 775 3352 εὈἀτω
737 3311 802 3376 γαρ
819 3279 915 3354 καὶὸ
927 3281 1110 3359 ’Ἁπόλλων
1132 3318 1180 3388 τῳ
1164 3293 1291 3384 555

289 3396 460 3482 προεῖπεν

381 3508 427 3570 Ἐι
444 3507 506 3592 γὰρ
523 3507 681 3576 τεκνώσεις
698 3506 780 3570 5555
802 3508 962 3572 ἀποκτενεῖ
980 3511 1002 3572 5'
1027 3513 1045 3576 5
1065 3515 1139 3594 φύς.

346 3619 402 3691 Ἕν
426 3649 471 3689 τω
457 3623 608 3714 θέσμρι
630 3620 670 3703 δὴ
695 3627 878 3716 περιέχεται
903 3633 964 3714 μυ
984 3633 1037 3695 και
1062 3624 1083 3696 5
1110 3635 1225 3712 Λαΐος
1244 3631 1295 3697 555

289 3723 329 3795 55
351 3728 458 3820 φῦσαι
485 3719 587 3792 ἀυτὸν
607 3729 722 3806 παῖδα,
747 3729 1033 3820 καθειμαρταιὸὲ
1057 3729 1099 3828 τὸ
1127 3731 1294 3822 ἑπόμενον

221 3897 224 3902 ,
283 3827 385 3898 ’ὲΗ
350 3833 385 3897 δὲ
404 3853 463 3895 του
448 3827 624 3894 δυνατοῦ
641 3823 742 3946 ιράσις
759 3834 903 3898 πέπτωκε
922 3837 982 3918 μέν
1002 3861 1073 3916 πως
1093 3836 1218 3925 μεταξὺ
1241 3834 1293 3902 555

290 3959 322 4002 τε
345 3929 499 4014 ἀληθοῦς
523 3937 578 3999 5555
603 3934 662 3998 τοῦ
686 3929 846 4026 ψεύδους·
884 3929 1025 4029 ἀορίστῳ
1049 3940 1133 4009 ὃὲ”
1113 3968 1186 4012 οντι
1212 3939 1294 4032 ἀντῷ
