<?xml version="1.0" encoding="UTF-8"?>
<!DOCTYPE html PUBLIC "-//W3C//DTD XHTML 1.0 Transitional//EN"
    "http://www.w3.org/TR/xhtml1/DTD/xhtml1-transitional.dtd">
<html xmlns="http://www.w3.org/1999/xhtml" xml:lang="en" lang="en">
 <head>
  <title>
</title>
<meta http-equiv="Content-Type" content="text/html;charset=utf-8" />
  <meta name='ocr-system' content='tesseract 3.04.00' />
  <meta name='ocr-capabilities' content='ocr_page ocr_carea ocr_par ocr_line ocrx_word'/>
</head>
<body>
  <div class='ocr_page' id='page_1' title='image "./alexandriaphrod00bardgoog_0032.png"; bbox 0 0 2804 4762; ppageno 0'>
   <div class='ocr_carea' id='block_1_1' title="bbox 242 427 282 492">
    <p class='ocr_par' dir='ltr' id='par_1_1' title="bbox 242 427 282 492">
     <span class='ocr_line' id='line_1_1' title="bbox 242 427 282 492; baseline -0.1 0"><span class='ocrx_word' id='word_1_1' title='bbox 242 427 282 492; x_wconf 75' lang='lat'><strong><em>16</em></strong></span> 
     </span>
    </p>
   </div>
   <div class='ocr_carea' id='block_1_2' title="bbox 156 581 1262 4097">
    <p class='ocr_par' dir='ltr' id='par_1_2' title="bbox 156 581 1262 4097">
     <span class='ocr_line' id='line_1_2' title="bbox 232 581 1253 718; baseline -0.014 -52"><span class='ocrx_word' id='word_1_2' title='bbox 232 601 288 666; x_wconf 91' lang='grc' dir='ltr'><strong><em>καὶ</em></strong></span> <span class='ocrx_word' id='word_1_3' title='bbox 305 589 461 718; x_wconf 78' lang='grc' dir='ltr'><strong><em>τοιαύτης</em></strong></span> <span class='ocrx_word' id='word_1_4' title='bbox 477 586 566 676; x_wconf 81' lang='grc'><strong><em>4),’</em></strong></span> <span class='ocrx_word' id='word_1_5' title='bbox 545 593 728 678; x_wconf 86' lang='grc' dir='ltr'><strong><em>αναγκαῖον</em></strong></span> <span class='ocrx_word' id='word_1_6' title='bbox 743 583 787 667; x_wconf 78' lang='grc' dir='ltr'><strong><em>ὥς</em></strong></span> <span class='ocrx_word' id='word_1_7' title='bbox 803 582 845 656; x_wconf 80' lang='grc' dir='ltr'><strong><em>δν</em></strong></span> <span class='ocrx_word' id='word_1_8' title='bbox 855 586 912 684; x_wconf 74' lang='grc' dir='ltr'><strong><em>έγφ</em></strong></span> <span class='ocrx_word' id='word_1_9' title='bbox 928 583 973 655; x_wconf 81' lang='grc' dir='ltr'><strong><em>τά</em></strong></span> <span class='ocrx_word' id='word_1_10' title='bbox 989 581 1146 677; x_wconf 82' lang='grc' dir='ltr'><strong><em>γινόμενα</em></strong></span> <span class='ocrx_word' id='word_1_11' title='bbox 1166 582 1253 674; x_wconf 76' lang='grc' dir='ltr'><strong><em>κατὰ</em></strong></span> 
     </span>
     <span class='ocr_line' id='line_1_3' title="bbox 232 686 1253 814; baseline -0.01 -46"><span class='ocrx_word' id='word_1_12' title='bbox 232 695 346 795; x_wconf 81' lang='grc' dir='ltr'><strong><em>φάσιν,</em></strong></span> <span class='ocrx_word' id='word_1_13' title='bbox 362 692 467 776; x_wconf 81' lang='grc' dir='ltr'><strong><em>ὁάτως</em></strong></span> <span class='ocrx_word' id='word_1_14' title='bbox 480 694 563 784; x_wconf 80' lang='grc' dir='ltr'><strong><em>ἔχειν</em></strong></span> <span class='ocrx_word' id='word_1_15' title='bbox 579 698 634 762; x_wconf 90' lang='grc' dir='ltr'><strong><em>καὶ</em></strong></span> <span class='ocrx_word' id='word_1_16' title='bbox 647 717 691 760; x_wconf 88' lang='grc' dir='ltr'><strong><em>τα</em></strong></span> <span class='ocrx_word' id='word_1_17' title='bbox 676 687 788 760; x_wconf 71' lang='grc' dir='ltr'><strong><em>’καθ’</em></strong></span> <span class='ocrx_word' id='word_1_18' title='bbox 801 693 1009 814; x_wconf 78' lang='grc' dir='ltr'><strong><em>έιμαρμέιην.</em></strong></span> <span class='ocrx_word' id='word_1_19' title='bbox 1025 686 1183 760; x_wconf 79' lang='grc' dir='ltr'><strong><em>Ἀλλά</em></strong></span> <span class='ocrx_word' id='word_1_20' title='bbox 1143 715 1209 778; x_wconf 86' lang='grc' dir='ltr'><strong><em>μην</em></strong></span> <span class='ocrx_word' id='word_1_21' title='bbox 1222 690 1253 770; x_wconf 83' lang='lat'><strong><em>⁵)</em></strong></span> 
     </span>
     <span class='ocr_line' id='line_1_4' title="bbox 231 789 1250 922; baseline -0.01 -51"><span class='ocrx_word' id='word_1_22' title='bbox 231 800 277 870; x_wconf 82' lang='grc' dir='ltr'><strong><em>τά</em></strong></span> <span class='ocrx_word' id='word_1_23' title='bbox 295 797 451 922; x_wconf 72' lang='grc' dir='ltr'><strong><em>γινόμενα</em></strong></span> <span class='ocrx_word' id='word_1_24' title='bbox 468 794 557 866; x_wconf 84' lang='grc' dir='ltr'><strong><em>κατά</em></strong></span> <span class='ocrx_word' id='word_1_25' title='bbox 573 791 677 891; x_wconf 82' lang='grc' dir='ltr'><strong><em>φάσιν</em></strong></span> <span class='ocrx_word' id='word_1_26' title='bbox 698 791 758 863; x_wconf 76' lang='grc' dir='ltr'><strong><em>οὐκ</em></strong></span> <span class='ocrx_word' id='word_1_27' title='bbox 783 791 862 878; x_wconf 76' lang='grc' dir='ltr'><strong><em>έξ’</em></strong></span> <span class='ocrx_word' id='word_1_28' title='bbox 841 790 986 881; x_wconf 80' lang='grc' dir='ltr'><strong><em>ανάγκης</em></strong></span> <span class='ocrx_word' id='word_1_29' title='bbox 1005 794 1146 882; x_wconf 78' lang='grc' dir='ltr'><strong><em>γίνεται,</em></strong></span> <span class='ocrx_word' id='word_1_30' title='bbox 1180 789 1250 861; x_wconf 76' lang='grc' dir='ltr'><strong><em>ἀλλ’</em></strong></span> 
     </span>
     <span class='ocr_line' id='line_1_5' title="bbox 231 891 1251 1024; baseline -0.011 -49"><span class='ocrx_word' id='word_1_31' title='bbox 231 905 322 974; x_wconf 82' lang='grc' dir='ltr'><strong><em>ἔστιν</em></strong></span> <span class='ocrx_word' id='word_1_32' title='bbox 338 931 359 987; x_wconf 88' lang='grc' dir='ltr'><strong><em>η</em></strong></span> <span class='ocrx_word' id='word_1_33' title='bbox 347 899 499 1024; x_wconf 68' lang='grc' dir='ltr'><strong><em>’γένεσις</em></strong></span> <span class='ocrx_word' id='word_1_34' title='bbox 518 901 584 968; x_wconf 78' lang='grc' dir='ltr'><strong><em>τῶν</em></strong></span> <span class='ocrx_word' id='word_1_35' title='bbox 602 895 688 968; x_wconf 83' lang='grc' dir='ltr'><strong><em>ὁάτω</em></strong></span> <span class='ocrx_word' id='word_1_36' title='bbox 705 903 883 1024; x_wconf 72' lang='grc' dir='ltr'><strong><em>γινομένην</em></strong></span> <span class='ocrx_word' id='word_1_37' title='bbox 908 899 1160 1020; x_wconf 74' lang='grc' dir='ltr'><strong><em>ἔμαρδιζομινη,</em></strong></span> <span class='ocrx_word' id='word_1_38' title='bbox 1196 891 1251 965; x_wconf 86' lang='grc' dir='ltr'><strong><em>διό</em></strong></span> 
     </span>
     <span class='ocr_line' id='line_1_6' title="bbox 156 996 1262 1125; baseline -0.008 -49"><span class='ocrx_word' id='word_1_39' title='bbox 156 1051 177 1076; x_wconf 62' lang='lat' dir='ltr'><em>s</em></span> <span class='ocrx_word' id='word_1_40' title='bbox 232 1033 312 1076; x_wconf 78' lang='grc' dir='ltr'><strong><em>ποτε</em></strong></span> <span class='ocrx_word' id='word_1_41' title='bbox 325 1013 386 1096; x_wconf 85' lang='grc' dir='ltr'><strong><em>μέν</em></strong></span> <span class='ocrx_word' id='word_1_42' title='bbox 398 1000 443 1084; x_wconf 83' lang='grc' dir='ltr'><strong><em>ὦς</em></strong></span> <span class='ocrx_word' id='word_1_43' title='bbox 460 1007 512 1072; x_wconf 80' lang='grc' dir='ltr'><strong><em>ἐπὶ</em></strong></span> <span class='ocrx_word' id='word_1_44' title='bbox 525 1027 566 1070; x_wconf 86' lang='grc' dir='ltr'><strong><em>το</em></strong></span> <span class='ocrx_word' id='word_1_45' title='bbox 552 999 733 1071; x_wconf 73' lang='grc' dir='ltr'><strong><em>’πλεῖστον</em></strong></span> <span class='ocrx_word' id='word_1_46' title='bbox 748 1027 877 1089; x_wconf 83' lang='grc' dir='ltr'><strong><em>γινοται</em></strong></span> <span class='ocrx_word' id='word_1_47' title='bbox 890 998 979 1085; x_wconf 77' lang='lat'><strong><em>⁶)⁸</em></strong></span> <span class='ocrx_word' id='word_1_48' title='bbox 941 1026 986 1069; x_wconf 86' lang='grc' dir='ltr'><strong><em>τα</em></strong></span> <span class='ocrx_word' id='word_1_49' title='bbox 996 997 1153 1125; x_wconf 77' lang='grc' dir='ltr'><strong><em>γινόμενα</em></strong></span> <span class='ocrx_word' id='word_1_50' title='bbox 1166 996 1262 1070; x_wconf 80' lang='grc' dir='ltr'><strong><em>κατά·</em></strong></span> 
     </span>
     <span class='ocr_line' id='line_1_7' title="bbox 232 1101 1253 1230; baseline -0.007 -52"><span class='ocrx_word' id='word_1_51' title='bbox 232 1105 348 1204; x_wconf 85' lang='grc' dir='ltr'><strong><em>φάσιν,</em></strong></span> <span class='ocrx_word' id='word_1_52' title='bbox 371 1105 411 1177; x_wconf 80' lang='grc' dir='ltr'><strong><em>οὗ</em></strong></span> <span class='ocrx_word' id='word_1_53' title='bbox 429 1104 494 1230; x_wconf 80' lang='grc' dir='ltr'><strong><em>μὴν</em></strong></span> <span class='ocrx_word' id='word_1_54' title='bbox 509 1101 575 1189; x_wconf 77' lang='grc' dir='ltr'><strong><em>ἒξ’</em></strong></span> <span class='ocrx_word' id='word_1_55' title='bbox 555 1101 716 1230; x_wconf 84' lang='grc' dir='ltr'><strong><em>ανάγκης,</em></strong></span> <span class='ocrx_word' id='word_1_56' title='bbox 735 1101 849 1201; x_wconf 82' lang='grc' dir='ltr'><strong><em>χώραν</em></strong></span> <span class='ocrx_word' id='word_1_57' title='bbox 861 1103 927 1198; x_wconf 83' lang='grc' dir='ltr'><strong><em>γάρ</em></strong></span> <span class='ocrx_word' id='word_1_58' title='bbox 942 1101 1010 1174; x_wconf 76' lang='grc' dir='ltr'><strong><em>ἐν’</em></strong></span> <span class='ocrx_word' id='word_1_59' title='bbox 989 1111 1104 1185; x_wconf 85' lang='grc' dir='ltr'><strong><em>αυτοῖς</em></strong></span> <span class='ocrx_word' id='word_1_60' title='bbox 1117 1105 1181 1194; x_wconf 81' lang='grc' dir='ltr'><strong><em>ἔχει</em></strong></span> <span class='ocrx_word' id='word_1_61' title='bbox 1196 1109 1253 1172; x_wconf 91' lang='grc' dir='ltr'><strong><em>καὶ</em></strong></span> 
     </span>
     <span class='ocr_line' id='line_1_8' title="bbox 232 1203 1252 1306; baseline -0.005 -26"><span class='ocrx_word' id='word_1_62' title='bbox 232 1211 272 1280; x_wconf 87' lang='grc' dir='ltr'><strong><em>τὸ</em></strong></span> <span class='ocrx_word' id='word_1_63' title='bbox 286 1208 380 1302; x_wconf 84' lang='grc' dir='ltr'><strong><em>ιιαρδι</em></strong></span> <span class='ocrx_word' id='word_1_64' title='bbox 391 1207 514 1306; x_wconf 81' lang='grc' dir='ltr'><strong><em>φάσιν,</em></strong></span> <span class='ocrx_word' id='word_1_65' title='bbox 536 1215 594 1276; x_wconf 90' lang='grc' dir='ltr'><strong><em>καὶ</em></strong></span> <span class='ocrx_word' id='word_1_66' title='bbox 606 1209 730 1296; x_wconf 78' lang='grc' dir='ltr'><strong><em>γίνεται</em></strong></span> <span class='ocrx_word' id='word_1_67' title='bbox 745 1203 810 1277; x_wconf 77' lang='grc' dir='ltr'><strong><em>ιλιιό</em></strong></span> <span class='ocrx_word' id='word_1_68' title='bbox 824 1231 916 1288; x_wconf 89' lang='grc' dir='ltr'><strong><em>τινος</em></strong></span> <span class='ocrx_word' id='word_1_69' title='bbox 929 1205 1039 1288; x_wconf 83' lang='grc' dir='ltr'><strong><em>άιτέας</em></strong></span> <span class='ocrx_word' id='word_1_70' title='bbox 1049 1209 1174 1292; x_wconf 70' lang='grc' dir='ltr'><strong><em>ἔξωθεν</em></strong></span> <span class='ocrx_word' id='word_1_71' title='bbox 1187 1222 1252 1275; x_wconf 81' lang='grc' dir='ltr'><strong><em>τια-</em></strong></span> 
     </span>
     <span class='ocr_line' id='line_1_9' title="bbox 233 1306 1252 1438; baseline -0.006 -54"><span class='ocrx_word' id='word_1_72' title='bbox 233 1316 518 1438; x_wconf 83' lang='grc' dir='ltr'><strong><em>ρεμιιρδισθεέσης</em></strong></span> <span class='ocrx_word' id='word_1_73' title='bbox 529 1313 622 1396; x_wconf 76' lang='grc'><strong><em>7)</em></strong></span> <span class='ocrx_word' id='word_1_74' title='bbox 580 1337 640 1394; x_wconf 89' lang='grc' dir='ltr'><strong><em>της</em></strong></span> <span class='ocrx_word' id='word_1_75' title='bbox 663 1306 795 1405; x_wconf 81' lang='grc' dir='ltr'><strong><em>φύσεως</em></strong></span> <span class='ocrx_word' id='word_1_76' title='bbox 816 1337 862 1392; x_wconf 88' lang='grc' dir='ltr'><strong><em>ας</em></strong></span> <span class='ocrx_word' id='word_1_77' title='bbox 885 1309 924 1379; x_wconf 86' lang='grc' dir='ltr'><strong><em>τὸ</em></strong></span> <span class='ocrx_word' id='word_1_78' title='bbox 946 1313 1042 1404; x_wconf 83' lang='grc' dir='ltr'><strong><em>ἔργον</em></strong></span> <span class='ocrx_word' id='word_1_79' title='bbox 1062 1309 1101 1380; x_wconf 86' lang='grc' dir='ltr'><strong><em>τὸ</em></strong></span> <span class='ocrx_word' id='word_1_80' title='bbox 1124 1312 1252 1394; x_wconf 81' lang='grc' dir='ltr'><strong><em>ἑαυτῆς.</em></strong></span> 
     </span>
     <span class='ocr_line' id='line_1_10' title="bbox 184 1409 1253 1508; baseline -0.007 -20"><span class='ocrx_word' id='word_1_81' title='bbox 184 1417 188 1430; x_wconf 67' lang='grc'><strong>’</strong></span> <span class='ocrx_word' id='word_1_82' title='bbox 235 1415 333 1488; x_wconf 75' lang='grc' dir='ltr'><strong><em>Διὸ’</em></strong></span> <span class='ocrx_word' id='word_1_83' title='bbox 316 1414 391 1486; x_wconf 75' lang='grc' dir='ltr'><strong><em>οὐτε</em></strong></span> <span class='ocrx_word' id='word_1_84' title='bbox 409 1413 476 1499; x_wconf 77' lang='grc' dir='ltr'><strong><em>έξ’</em></strong></span> <span class='ocrx_word' id='word_1_85' title='bbox 456 1412 600 1503; x_wconf 88' lang='grc' dir='ltr'><strong><em>ανάγκης</em></strong></span> <span class='ocrx_word' id='word_1_86' title='bbox 614 1411 799 1505; x_wconf 76' lang='grc' dir='ltr'><strong><em>ἄνθρωπος</em></strong></span> <span class='ocrx_word' id='word_1_87' title='bbox 814 1415 846 1496; x_wconf 85' lang='grc' dir='ltr'><strong><em>ἕξ</em></strong></span> <span class='ocrx_word' id='word_1_88' title='bbox 859 1411 1091 1508; x_wconf 65' lang='grc' dir='ltr'><strong><em>άνθράιιοοθ)</em></strong></span> <span class='ocrx_word' id='word_1_89' title='bbox 1114 1410 1184 1482; x_wconf 76' lang='grc' dir='ltr'><strong><em>ἀλλ’</em></strong></span> <span class='ocrx_word' id='word_1_90' title='bbox 1209 1409 1253 1493; x_wconf 84' lang='grc' dir='ltr'><strong><em>ὡς</em></strong></span> 
     </span>
     <span class='ocr_line' id='line_1_11' title="bbox 233 1510 1254 1609; baseline -0.005 -19"><span class='ocrx_word' id='word_1_91' title='bbox 233 1525 284 1590; x_wconf 79' lang='grc' dir='ltr'><strong><em>ἐπὶ</em></strong></span> <span class='ocrx_word' id='word_1_92' title='bbox 299 1517 338 1588; x_wconf 86' lang='grc' dir='ltr'><strong><em>τὸ</em></strong></span> <span class='ocrx_word' id='word_1_93' title='bbox 349 1524 518 1588; x_wconf 82' lang='grc' dir='ltr'><strong><em>πλεῖστον·</em></strong></span> <span class='ocrx_word' id='word_1_94' title='bbox 540 1510 622 1585; x_wconf 71' lang='grc' dir='ltr'><strong><em>ὥστε</em></strong></span> <span class='ocrx_word' id='word_1_95' title='bbox 637 1521 693 1584; x_wconf 90' lang='grc' dir='ltr'><strong><em>καὶ</em></strong></span> <span class='ocrx_word' id='word_1_96' title='bbox 707 1519 737 1598; x_wconf 86' lang='grc'><strong><em>9)</em></strong></span> <span class='ocrx_word' id='word_1_97' title='bbox 752 1515 839 1585; x_wconf 81' lang='grc' dir='ltr'><strong><em>κατὰ</em></strong></span> <span class='ocrx_word' id='word_1_98' title='bbox 849 1514 910 1600; x_wconf 83' lang='grc' dir='ltr'><strong><em>τὴν</em></strong></span> <span class='ocrx_word' id='word_1_99' title='bbox 920 1513 1072 1609; x_wconf 76' lang='grc' dir='ltr'><strong><em>ὡρίσθαι</em></strong></span> <span class='ocrx_word' id='word_1_100' title='bbox 1086 1519 1254 1586; x_wconf 79' lang='grc' dir='ltr'><strong><em>δοκοῦσαν</em></strong></span> 
     </span>
     <span class='ocr_line' id='line_1_12' title="bbox 232 1616 1255 1718; baseline -0.002 -26"><span class='ocrx_word' id='word_1_101' title='bbox 232 1623 448 1718; x_wconf 74' lang='grc' dir='ltr'><strong><em>προθεσμίαν</em></strong></span> <span class='ocrx_word' id='word_1_102' title='bbox 472 1625 551 1702; x_wconf 84' lang='grc' dir='ltr'><strong><em>τοῖς</em></strong></span> <span class='ocrx_word' id='word_1_103' title='bbox 562 1623 746 1708; x_wconf 74' lang='grc' dir='ltr'><strong><em>γινομένοις</em></strong></span> <span class='ocrx_word' id='word_1_104' title='bbox 768 1618 856 1688; x_wconf 83' lang='grc' dir='ltr'><strong><em>κατά</em></strong></span> <span class='ocrx_word' id='word_1_105' title='bbox 877 1616 1000 1714; x_wconf 76' lang='grc' dir='ltr'><strong><em>φύσιν,</em></strong></span> <span class='ocrx_word' id='word_1_106' title='bbox 1031 1623 1255 1690; x_wconf 78' lang='grc' dir='ltr'><strong><em>ἕκαστοντῶν</em></strong></span> 
     </span>
     <span class='ocr_line' id='line_1_13' title="bbox 233 1720 1254 1815; baseline -0.003 -20"><span class='ocrx_word' id='word_1_107' title='bbox 233 1723 321 1796; x_wconf 84' lang='grc' dir='ltr'><strong><em>ὁύτω</em></strong></span> <span class='ocrx_word' id='word_1_108' title='bbox 338 1728 515 1815; x_wconf 75' lang='grc' dir='ltr'><strong><em>γινομένων</em></strong></span> <span class='ocrx_word' id='word_1_109' title='bbox 537 1720 598 1792; x_wconf 76' lang='grc' dir='ltr'><strong><em>οὐκ</em></strong></span> <span class='ocrx_word' id='word_1_110' title='bbox 615 1720 668 1791; x_wconf 83' lang='grc' dir='ltr'><strong><em>άεὶ</em></strong></span> <span class='ocrx_word' id='word_1_111' title='bbox 684 1723 809 1810; x_wconf 76' lang='grc' dir='ltr'><strong><em>γίνεται</em></strong></span> <span class='ocrx_word' id='word_1_112' title='bbox 830 1726 887 1807; x_wconf 78' lang='grc' dir='ltr'><strong><em>ιο).</em></strong></span> <span class='ocrx_word' id='word_1_113' title='bbox 921 1722 1041 1806; x_wconf 59' lang='lat' dir='ltr'><strong><em>”onoc</em></strong></span> <span class='ocrx_word' id='word_1_114' title='bbox 1065 1728 1102 1793; x_wconf 83' lang='grc' dir='ltr'><strong><em>δέ</em></strong></span> <span class='ocrx_word' id='word_1_115' title='bbox 1119 1728 1153 1793; x_wconf 81' lang='grc' dir='ltr'><strong><em>ἐν</em></strong></span> <span class='ocrx_word' id='word_1_116' title='bbox 1181 1730 1254 1805; x_wconf 89' lang='grc' dir='ltr'><strong><em>τοῖς</em></strong></span> 
     </span>
     <span class='ocr_line' id='line_1_14' title="bbox 232 1820 1254 1953; baseline -0.002 -55"><span class='ocrx_word' id='word_1_117' title='bbox 232 1833 417 1920; x_wconf 77' lang='grc' dir='ltr'><strong><em>γινομένοις</em></strong></span> <span class='ocrx_word' id='word_1_118' title='bbox 431 1822 633 1921; x_wconf 76' lang='grc' dir='ltr'><strong><em>κατὰφύσιν</em></strong></span> <span class='ocrx_word' id='word_1_119' title='bbox 646 1832 702 1894; x_wconf 88' lang='grc' dir='ltr'><strong><em>καὶ</em></strong></span> <span class='ocrx_word' id='word_1_120' title='bbox 713 1829 772 1948; x_wconf 78' lang='grc' dir='ltr'><strong><em>τρῦ</em></strong></span> <span class='ocrx_word' id='word_1_121' title='bbox 786 1826 881 1952; x_wconf 83' lang='grc' dir='ltr'><strong><em>ιιαρά</em></strong></span> <span class='ocrx_word' id='word_1_122' title='bbox 887 1824 994 1953; x_wconf 80' lang='grc' dir='ltr'><strong><em>φύσιν</em></strong></span> <span class='ocrx_word' id='word_1_123' title='bbox 1008 1830 1061 1911; x_wconf 84' lang='lat'>¹¹),</span> <span class='ocrx_word' id='word_1_124' title='bbox 1078 1820 1186 1921; x_wconf 83' lang='grc' dir='ltr'><strong><em>έάσιτιρ</em></strong></span> <span class='ocrx_word' id='word_1_125' title='bbox 1196 1833 1254 1896; x_wconf 89' lang='grc' dir='ltr'><strong><em>καὶ</em></strong></span> 
     </span>
     <span class='ocr_line' id='line_1_15' title="bbox 234 1925 1255 2023; baseline -0.004 -21"><span class='ocrx_word' id='word_1_126' title='bbox 234 1937 269 2003; x_wconf 75' lang='grc' dir='ltr'><strong><em>ἓν</em></strong></span> <span class='ocrx_word' id='word_1_127' title='bbox 282 1939 352 2012; x_wconf 90' lang='grc' dir='ltr'><strong><em>τοῖς</em></strong></span> <span class='ocrx_word' id='word_1_128' title='bbox 370 1955 458 2001; x_wconf 88' lang='grc' dir='ltr'><strong><em>κατα</em></strong></span> <span class='ocrx_word' id='word_1_129' title='bbox 442 1927 584 2020; x_wconf 74' lang='grc' dir='ltr'><strong><em>’τέχνην</em></strong></span> <span class='ocrx_word' id='word_1_130' title='bbox 600 1933 627 1967; x_wconf 85' lang='lat'><strong><em>²¹</em></strong></span> <span class='ocrx_word' id='word_1_131' title='bbox 637 1931 685 2012; x_wconf 86' lang='lat' dir='ltr'><strong><em>a),</em></strong></span> <span class='ocrx_word' id='word_1_132' title='bbox 703 1925 817 2023; x_wconf 81' lang='grc' dir='ltr'><strong><em>χώραν</em></strong></span> <span class='ocrx_word' id='word_1_133' title='bbox 826 1928 868 2000; x_wconf 74' lang='grc' dir='ltr'><strong><em>ἂν</em></strong></span> <span class='ocrx_word' id='word_1_134' title='bbox 882 1931 951 2021; x_wconf 83' lang='grc' dir='ltr'><strong><em>ἔχοι</em></strong></span> <span class='ocrx_word' id='word_1_135' title='bbox 964 1936 1020 2001; x_wconf 90' lang='grc' dir='ltr'><strong><em>καὶ</em></strong></span> <span class='ocrx_word' id='word_1_136' title='bbox 1039 1935 1072 2002; x_wconf 80' lang='grc' dir='ltr'><strong><em>ἐν</em></strong></span> <span class='ocrx_word' id='word_1_137' title='bbox 1083 1937 1154 2012; x_wconf 78' lang='grc' dir='ltr'><strong><em>τοῖς</em></strong></span> <span class='ocrx_word' id='word_1_138' title='bbox 1167 1929 1255 2000; x_wconf 82' lang='grc' dir='ltr'><strong><em>κατά</em></strong></span> 
     </span>
     <span class='ocr_line' id='line_1_16' title="bbox 233 2031 1252 2159; baseline -0.001 -54"><span class='ocrx_word' id='word_1_139' title='bbox 233 2033 294 2120; x_wconf 80' lang='grc' dir='ltr'><strong><em>τὴν</em></strong></span> <span class='ocrx_word' id='word_1_140' title='bbox 322 2037 521 2127; x_wconf 82' lang='grc' dir='ltr'><strong><em>έιμαρμένην</em></strong></span> <span class='ocrx_word' id='word_1_141' title='bbox 544 2037 729 2154; x_wconf 81' lang='grc' dir='ltr'><strong><em>γινομένοις</em></strong></span> <span class='ocrx_word' id='word_1_142' title='bbox 764 2031 804 2102; x_wconf 85' lang='grc' dir='ltr'><strong><em>τὸ</em></strong></span> <span class='ocrx_word' id='word_1_143' title='bbox 828 2033 924 2127; x_wconf 85' lang='grc' dir='ltr'><strong><em>ιιαρά</em></strong></span> <span class='ocrx_word' id='word_1_144' title='bbox 953 2034 1014 2119; x_wconf 78' lang='grc' dir='ltr'><strong><em>τὴν</em></strong></span> <span class='ocrx_word' id='word_1_145' title='bbox 1028 2038 1252 2159; x_wconf 77' lang='grc' dir='ltr'><strong><em>έιμαρμένην.</em></strong></span> 
     </span>
     <span class='ocr_line' id='line_1_17' title="bbox 225 2132 1252 2264; baseline -0.003 -54.959"><span class='ocrx_word' id='word_1_146' title='bbox 225 2132 331 2209; x_wconf 81' lang='grc' dir='ltr'><strong><em>Ὥστε</em></strong></span> <span class='ocrx_word' id='word_1_147' title='bbox 343 2141 371 2208; x_wconf 75' lang='grc' dir='ltr'><strong><em>δι</em></strong></span> <span class='ocrx_word' id='word_1_148' title='bbox 382 2134 495 2264; x_wconf 77' lang='grc' dir='ltr'><strong><em>γώραν</em></strong></span> <span class='ocrx_word' id='word_1_149' title='bbox 509 2137 574 2228; x_wconf 79' lang='grc' dir='ltr'><strong><em>ἔχει</em></strong></span> <span class='ocrx_word' id='word_1_150' title='bbox 588 2134 688 2219; x_wconf 72' lang='grc' dir='ltr'><strong><em>112)“το</em></strong></span> <span class='ocrx_word' id='word_1_151' title='bbox 702 2135 796 2263; x_wconf 79' lang='grc' dir='ltr'><strong><em>παρὰ</em></strong></span> <span class='ocrx_word' id='word_1_152' title='bbox 810 2134 979 2227; x_wconf 81' lang='grc' dir='ltr'><strong><em>φύσινκαὶ</em></strong></span> <span class='ocrx_word' id='word_1_153' title='bbox 994 2136 1041 2229; x_wconf 79' lang='grc' dir='ltr'><strong><em>μὴ</em></strong></span> <span class='ocrx_word' id='word_1_154' title='bbox 1057 2135 1150 2208; x_wconf 79' lang='grc' dir='ltr'><strong><em>κενόν</em></strong></span> <span class='ocrx_word' id='word_1_155' title='bbox 1163 2142 1252 2207; x_wconf 77' lang='grc' dir='ltr'><strong><em>ἐστιν</em></strong></span> 
     </span>
     <span class='ocr_line' id='line_1_18' title="bbox 235 2237 1252 2370; baseline -0.001 -60"><span class='ocrx_word' id='word_1_156' title='bbox 235 2240 356 2370; x_wconf 81' lang='grc' dir='ltr'><strong><em>ρ’νομα,</em></strong></span> <span class='ocrx_word' id='word_1_157' title='bbox 379 2243 448 2332; x_wconf 82' lang='grc' dir='ltr'><strong><em>ἔχοι</em></strong></span> <span class='ocrx_word' id='word_1_158' title='bbox 459 2237 500 2310; x_wconf 74' lang='grc' dir='ltr'><strong><em>ἂν</em></strong></span> <span class='ocrx_word' id='word_1_159' title='bbox 511 2243 544 2309; x_wconf 84' lang='grc' dir='ltr'><strong><em>έν</em></strong></span> <span class='ocrx_word' id='word_1_160' title='bbox 559 2246 628 2320; x_wconf 85' lang='grc' dir='ltr'><strong><em>τοῖς</em></strong></span> <span class='ocrx_word' id='word_1_161' title='bbox 639 2245 824 2328; x_wconf 82' lang='grc' dir='ltr'><strong><em>γινομένοις</em></strong></span> <span class='ocrx_word' id='word_1_162' title='bbox 837 2237 948 2334; x_wconf 83' lang='grc' dir='ltr'><strong><em>χώραν</em></strong></span> <span class='ocrx_word' id='word_1_163' title='bbox 962 2239 1067 2310; x_wconf 74' lang='grc' dir='ltr'><strong><em>καὶ”</em></strong></span> <span class='ocrx_word' id='word_1_164' title='bbox 1032 2269 1071 2310; x_wconf 89' lang='grc' dir='ltr'><strong><em>το</em></strong></span> <span class='ocrx_word' id='word_1_165' title='bbox 1079 2239 1180 2368; x_wconf 84' lang='grc' dir='ltr'><strong><em>παρά</em></strong></span> <span class='ocrx_word' id='word_1_166' title='bbox 1192 2239 1252 2325; x_wconf 76' lang='grc' dir='ltr'><strong><em>τὴν</em></strong></span> 
     </span>
     <span class='ocr_line' id='line_1_19' title="bbox 234 2339 1252 2474; baseline 0 -60"><span class='ocrx_word' id='word_1_167' title='bbox 234 2348 440 2468; x_wconf 78' lang='grc' dir='ltr'><strong><em>έιμαρμένην.</em></strong></span> <span class='ocrx_word' id='word_1_168' title='bbox 485 2339 547 2412; x_wconf 80' lang='grc' dir='ltr'><strong><em>Διὸ</em></strong></span> <span class='ocrx_word' id='word_1_169' title='bbox 569 2349 625 2410; x_wconf 90' lang='grc' dir='ltr'><strong><em>καὶ</em></strong></span> <span class='ocrx_word' id='word_1_170' title='bbox 642 2347 733 2474; x_wconf 82' lang='grc' dir='ltr'><strong><em>λέγοι</em></strong></span> <span class='ocrx_word' id='word_1_171' title='bbox 754 2368 806 2423; x_wconf 87' lang='grc' dir='ltr'><strong><em>τις</em></strong></span> <span class='ocrx_word' id='word_1_172' title='bbox 827 2341 868 2414; x_wconf 74' lang='grc' dir='ltr'><strong><em>ἂν</em></strong></span> <span class='ocrx_word' id='word_1_173' title='bbox 890 2341 1031 2434; x_wconf 83' lang='grc' dir='ltr'><strong><em>έυλόγως</em></strong></span> <span class='ocrx_word' id='word_1_174' title='bbox 1053 2344 1114 2429; x_wconf 78' lang='grc' dir='ltr'><strong><em>τὴν</em></strong></span> <span class='ocrx_word' id='word_1_175' title='bbox 1128 2342 1252 2414; x_wconf 79' lang='grc' dir='ltr'><strong><em>ὀικιῖαν</em></strong></span> 
     </span>
     <span class='ocr_line' id='line_1_20' title="bbox 234 2442 1253 2570; baseline 0.001 -53"><span class='ocrx_word' id='word_1_176' title='bbox 234 2446 338 2570; x_wconf 80' lang='grc' dir='ltr'><strong><em>φάσιρ</em></strong></span> <span class='ocrx_word' id='word_1_177' title='bbox 352 2444 456 2540; x_wconf 75' lang='grc' dir='ltr'><strong><em>ἀρχὴν</em></strong></span> <span class='ocrx_word' id='word_1_178' title='bbox 472 2442 612 2514; x_wconf 76' lang='grc' dir='ltr'><strong><em>ἑκάστου</em></strong></span> <span class='ocrx_word' id='word_1_179' title='bbox 630 2451 688 2516; x_wconf 87' lang='grc' dir='ltr'><strong><em>καὶ</em></strong></span> <span class='ocrx_word' id='word_1_180' title='bbox 697 2443 809 2516; x_wconf 84' lang='grc' dir='ltr'><strong><em>άιτίαν</em></strong></span> <span class='ocrx_word' id='word_1_181' title='bbox 820 2450 962 2517; x_wconf 78' lang='grc' dir='ltr'><strong><em>ἐῖναι</em></strong></span> <span class='ocrx_word' id='word_1_182' title='bbox 921 2475 981 2532; x_wconf 87' lang='grc' dir='ltr'><strong><em>της</em></strong></span> <span class='ocrx_word' id='word_1_183' title='bbox 997 2452 1061 2518; x_wconf 79' lang='grc' dir='ltr'><strong><em>τῶν</em></strong></span> <span class='ocrx_word' id='word_1_184' title='bbox 1074 2453 1253 2540; x_wconf 82' lang='grc' dir='ltr'><strong><em>γινομένων</em></strong></span> 
     </span>
     <span class='ocr_line' id='line_1_21' title="bbox 181 2539 1253 2646; baseline -0.001 -25"><span class='ocrx_word' id='word_1_185' title='bbox 181 2608 184 2614; x_wconf 94' lang='grc'>.</span> <span class='ocrx_word' id='word_1_186' title='bbox 232 2539 377 2644; x_wconf 75' lang='grc' dir='ltr'><strong><em>ένάάτῷ</em></strong></span> <span class='ocrx_word' id='word_1_187' title='bbox 398 2545 605 2644; x_wconf 81' lang='grc' dir='ltr'><strong><em>κατὰφύσιν</em></strong></span> <span class='ocrx_word' id='word_1_188' title='bbox 621 2545 750 2632; x_wconf 84' lang='grc' dir='ltr'><strong><em>τάξεως.</em></strong></span> <span class='ocrx_word' id='word_1_189' title='bbox 788 2547 880 2622; x_wconf 84' lang='grc' dir='ltr'><strong><em>Λιιὸ</em></strong></span> <span class='ocrx_word' id='word_1_190' title='bbox 895 2548 1021 2635; x_wconf 79' lang='grc' dir='ltr'><strong><em>ταύτης</em></strong></span> <span class='ocrx_word' id='word_1_191' title='bbox 1036 2549 1119 2646; x_wconf 82' lang='grc' dir='ltr'><strong><em>γάρ,</em></strong></span> <span class='ocrx_word' id='word_1_192' title='bbox 1142 2548 1186 2632; x_wconf 81' lang='grc' dir='ltr'><strong><em>ὡς</em></strong></span> <span class='ocrx_word' id='word_1_193' title='bbox 1201 2555 1253 2620; x_wconf 81' lang='grc' dir='ltr'><strong><em>έιιὶ</em></strong></span> 
     </span>
     <span class='ocr_line' id='line_1_22' title="bbox 233 2648 1252 2780; baseline 0.001 -57"><span class='ocrx_word' id='word_1_194' title='bbox 233 2652 273 2723; x_wconf 88' lang='grc' dir='ltr'><strong><em>τὸ</em></strong></span> <span class='ocrx_word' id='word_1_195' title='bbox 294 2648 482 2724; x_wconf 65' lang='grc' dir='ltr'><strong><em>πλεῖστον’</em></strong></span> <span class='ocrx_word' id='word_1_196' title='bbox 465 2677 532 2721; x_wconf 83' lang='grc' dir='ltr'><strong><em>αιτε</em></strong></span> <span class='ocrx_word' id='word_1_197' title='bbox 553 2654 624 2740; x_wconf 76' lang='grc' dir='ltr'><strong><em>βίοι</em></strong></span> <span class='ocrx_word' id='word_1_198' title='bbox 647 2654 712 2721; x_wconf 79' lang='grc' dir='ltr'><strong><em>τῶν</em></strong></span> <span class='ocrx_word' id='word_1_199' title='bbox 733 2649 923 2747; x_wconf 78' lang='grc' dir='ltr'><strong><em>ἀνθρώπων</em></strong></span> <span class='ocrx_word' id='word_1_200' title='bbox 942 2652 1003 2739; x_wconf 80' lang='grc' dir='ltr'><strong><em>τὴν</em></strong></span> <span class='ocrx_word' id='word_1_201' title='bbox 1015 2651 1108 2739; x_wconf 83' lang='grc' dir='ltr'><strong><em>τάξιν</em></strong></span> <span class='ocrx_word' id='word_1_202' title='bbox 1121 2653 1252 2780; x_wconf 63' lang='grc' dir='ltr'><strong><em>καὶτρμ</em></strong></span> 
     </span>
     <span class='ocr_line' id='line_1_23' title="bbox 235 2752 1251 2852; baseline 0.001 -25"><span class='ocrx_word' id='word_1_203' title='bbox 235 2753 475 2852; x_wconf 83' lang='grc' dir='ltr'><strong><em>καταστροφὴν</em></strong></span> <span class='ocrx_word' id='word_1_204' title='bbox 495 2759 539 2839; x_wconf 73' lang='lat'><strong><em>¹⁵)</em></strong></span> <span class='ocrx_word' id='word_1_205' title='bbox 559 2752 798 2844; x_wconf 79' lang='grc' dir='ltr'><strong><em>λαμβάνουσιν.</em></strong></span> <span class='ocrx_word' id='word_1_206' title='bbox 851 2754 995 2852; x_wconf 82' lang='grc' dir='ltr'><strong><em>Ὁρῶμιν</em></strong></span> <span class='ocrx_word' id='word_1_207' title='bbox 1018 2762 1100 2847; x_wconf 79' lang='grc' dir='ltr'><strong><em>γοῦν</em></strong></span> <span class='ocrx_word' id='word_1_208' title='bbox 1121 2752 1218 2843; x_wconf 72' lang='lat'>¹4)‘&#39;</span> <span class='ocrx_word' id='word_1_209' title='bbox 1198 2785 1251 2828; x_wconf 88' lang='grc' dir='ltr'><strong><em>οτι</em></strong></span> 
     </span>
     <span class='ocr_line' id='line_1_24' title="bbox 233 2857 1251 2957; baseline 0.007 -33"><span class='ocrx_word' id='word_1_210' title='bbox 233 2868 292 2932; x_wconf 90' lang='grc' dir='ltr'><strong><em>καὶ</em></strong></span> <span class='ocrx_word' id='word_1_211' title='bbox 313 2857 352 2930; x_wconf 86' lang='grc' dir='ltr'><strong><em>τὸ</em></strong></span> <span class='ocrx_word' id='word_1_212' title='bbox 378 2861 474 2950; x_wconf 79' lang='grc' dir='ltr'><strong><em>σῶμα</em></strong></span> <span class='ocrx_word' id='word_1_213' title='bbox 494 2861 541 2953; x_wconf 77' lang='grc' dir='ltr'><strong><em>τῷ</em></strong></span> <span class='ocrx_word' id='word_1_214' title='bbox 560 2857 691 2944; x_wconf 80' lang='grc' dir='ltr'><strong><em>τὀιὸνῆ</em></strong></span> <span class='ocrx_word' id='word_1_215' title='bbox 712 2860 806 2930; x_wconf 81' lang='grc' dir='ltr'><strong><em>τοιὸν</em></strong></span> <span class='ocrx_word' id='word_1_216' title='bbox 819 2863 904 2932; x_wconf 80' lang='grc' dir='ltr'><strong><em>έῖναι</em></strong></span> <span class='ocrx_word' id='word_1_217' title='bbox 917 2859 978 2944; x_wconf 81' lang='grc' dir='ltr'><strong><em>τὴν</em></strong></span> <span class='ocrx_word' id='word_1_218' title='bbox 991 2858 1111 2957; x_wconf 80' lang='grc' dir='ltr'><strong><em>φάσιν,</em></strong></span> <span class='ocrx_word' id='word_1_219' title='bbox 1139 2869 1196 2932; x_wconf 90' lang='grc' dir='ltr'><strong><em>καὶ</em></strong></span> <span class='ocrx_word' id='word_1_220' title='bbox 1218 2866 1251 2932; x_wconf 81' lang='grc' dir='ltr'><strong><em>ἐν</em></strong></span> 
     </span>
     <span class='ocr_line' id='line_1_25' title="bbox 198 2960 1251 3064; baseline -0.003 -27"><span class='ocrx_word' id='word_1_221' title='bbox 198 2961 200 2966; x_wconf 60' lang='grc'><strong>’</strong></span> <span class='ocrx_word' id='word_1_222' title='bbox 234 2961 349 3045; x_wconf 87' lang='grc' dir='ltr'><strong><em>νόσοις</em></strong></span> <span class='ocrx_word' id='word_1_223' title='bbox 365 2969 425 3032; x_wconf 88' lang='grc' dir='ltr'><strong><em>καὶ</em></strong></span> <span class='ocrx_word' id='word_1_224' title='bbox 446 2969 605 3058; x_wconf 76' lang='grc' dir='ltr'><strong><em>φθοραῖς</em></strong></span> <span class='ocrx_word' id='word_1_225' title='bbox 630 2965 674 3047; x_wconf 80' lang='lat'><strong><em>¹⁵)</em></strong></span> <span class='ocrx_word' id='word_1_226' title='bbox 696 2960 897 3045; x_wconf 74' lang='grc' dir='ltr'><strong><em>ἀκολούθως</em></strong></span> <span class='ocrx_word' id='word_1_227' title='bbox 920 2967 961 3063; x_wconf 75' lang='grc' dir='ltr'><strong><em>τῇ</em></strong></span> <span class='ocrx_word' id='word_1_228' title='bbox 982 2969 1107 3064; x_wconf 75' lang='grc' dir='ltr'><strong><em>φυσικῇ</em></strong></span> <span class='ocrx_word' id='word_1_229' title='bbox 1128 2963 1251 3036; x_wconf 86' lang='grc' dir='ltr'><strong><em>συστά-</em></strong></span> 
     </span>
     <span class='ocr_line' id='line_1_26' title="bbox 236 3065 1251 3165; baseline 0 -27"><span class='ocrx_word' id='word_1_230' title='bbox 236 3080 288 3138; x_wconf 81' lang='grc' dir='ltr'><strong><em>σει</em></strong></span> <span class='ocrx_word' id='word_1_231' title='bbox 311 3068 356 3151; x_wconf 68' lang='grc'><strong><em>16)</em></strong></span> <span class='ocrx_word' id='word_1_232' title='bbox 378 3067 524 3155; x_wconf 78' lang='grc' dir='ltr'><strong><em>γίνεται,</em></strong></span> <span class='ocrx_word' id='word_1_233' title='bbox 546 3065 585 3136; x_wconf 80' lang='grc' dir='ltr'><strong><em>οὐ</em></strong></span> <span class='ocrx_word' id='word_1_234' title='bbox 607 3066 673 3157; x_wconf 81' lang='grc' dir='ltr'><strong><em>μὴν</em></strong></span> <span class='ocrx_word' id='word_1_235' title='bbox 693 3069 727 3151; x_wconf 81' lang='grc' dir='ltr'><strong><em>ἐξ</em></strong></span> <span class='ocrx_word' id='word_1_236' title='bbox 746 3065 891 3156; x_wconf 77' lang='grc' dir='ltr'><strong><em>ἀνάγκης</em></strong></span> <span class='ocrx_word' id='word_1_237' title='bbox 905 3073 966 3153; x_wconf 80' lang='lat'>¹⁷),</span> <span class='ocrx_word' id='word_1_238' title='bbox 988 3073 1100 3140; x_wconf 82' lang='grc' dir='ltr'><strong><em>ἱκαναὶ</em></strong></span> <span class='ocrx_word' id='word_1_239' title='bbox 1114 3070 1251 3165; x_wconf 61' lang='grc' dir='ltr'><strong><em>γάρ’έκ-</em></strong></span> 
     </span>
     <span class='ocr_line' id='line_1_27' title="bbox 236 3167 1251 3268; baseline 0.003 -27"><span class='ocrx_word' id='word_1_240' title='bbox 236 3173 378 3266; x_wconf 83' lang='grc' dir='ltr'><strong><em>κροῦσαι</em></strong></span> <span class='ocrx_word' id='word_1_241' title='bbox 399 3167 459 3255; x_wconf 81' lang='grc' dir='ltr'><strong><em>τὴν</em></strong></span> <span class='ocrx_word' id='word_1_242' title='bbox 483 3167 614 3240; x_wconf 79' lang='grc' dir='ltr'><strong><em>τοιάνδε</em></strong></span> <span class='ocrx_word' id='word_1_243' title='bbox 635 3168 728 3254; x_wconf 82' lang='grc' dir='ltr'><strong><em>τάξιν</em></strong></span> <span class='ocrx_word' id='word_1_244' title='bbox 749 3173 927 3261; x_wconf 79' lang='grc' dir='ltr'><strong><em>ἐπιμέλειαί</em></strong></span> <span class='ocrx_word' id='word_1_245' title='bbox 948 3180 1057 3244; x_wconf 79' lang='grc' dir='ltr'><strong><em>τεκαὶ</em></strong></span> <span class='ocrx_word' id='word_1_246' title='bbox 1081 3171 1185 3268; x_wconf 84' lang='grc' dir='ltr'><strong><em>άέρων</em></strong></span> <span class='ocrx_word' id='word_1_247' title='bbox 1206 3175 1251 3258; x_wconf 72' lang='grc'><strong><em>18)</em></strong></span> 
     </span>
     <span class='ocr_line' id='line_1_28' title="bbox 234 3271 1251 3368; baseline 0.001 -22"><span class='ocrx_word' id='word_1_248' title='bbox 234 3273 428 3362; x_wconf 73' lang='grc' dir='ltr'><strong><em>ὑπαλλαγαὶ</em></strong></span> <span class='ocrx_word' id='word_1_249' title='bbox 460 3280 516 3342; x_wconf 82' lang='grc' dir='ltr'><strong><em>καὶ</em></strong></span> <span class='ocrx_word' id='word_1_250' title='bbox 536 3271 728 3367; x_wconf 83' lang='grc' dir='ltr'><strong><em>ιιροςτάξιις</em></strong></span> <span class='ocrx_word' id='word_1_251' title='bbox 750 3271 873 3368; x_wconf 85' lang='grc' dir='ltr'><strong><em>ἰατρῶν</em></strong></span> <span class='ocrx_word' id='word_1_252' title='bbox 898 3282 955 3345; x_wconf 89' lang='grc' dir='ltr'><strong><em>καὶ</em></strong></span> <span class='ocrx_word' id='word_1_253' title='bbox 976 3283 1174 3367; x_wconf 75' lang='grc' dir='ltr'><strong><em>συμβουλαὶ·</em></strong></span> <span class='ocrx_word' id='word_1_254' title='bbox 1196 3283 1251 3362; x_wconf 73' lang='grc'><strong><em>19).</em></strong></span> 
     </span>
     <span class='ocr_line' id='line_1_29' title="bbox 241 3372 1250 3476; baseline 0.002 -28"><span class='ocrx_word' id='word_1_255' title='bbox 241 3381 340 3448; x_wconf 82' lang='grc' dir='ltr'><strong><em>Θιῶν.</em></strong></span> <span class='ocrx_word' id='word_1_256' title='bbox 361 3375 464 3446; x_wconf 81' lang='grc' dir='ltr'><strong><em>Κατὰ</em></strong></span> <span class='ocrx_word' id='word_1_257' title='bbox 473 3380 509 3446; x_wconf 77' lang='grc' dir='ltr'><strong><em>δὲ</em></strong></span> <span class='ocrx_word' id='word_1_258' title='bbox 520 3375 578 3446; x_wconf 86' lang='grc' dir='ltr'><strong><em>τὸν</em></strong></span> <span class='ocrx_word' id='word_1_259' title='bbox 592 3375 694 3446; x_wconf 86' lang='grc' dir='ltr'><strong><em>άυτόν</em></strong></span> <span class='ocrx_word' id='word_1_260' title='bbox 702 3372 825 3468; x_wconf 81' lang='grc' dir='ltr'><strong><em>τρόπον</em></strong></span> <span class='ocrx_word' id='word_1_261' title='bbox 837 3386 893 3447; x_wconf 91' lang='grc' dir='ltr'><strong><em>καὶ</em></strong></span> <span class='ocrx_word' id='word_1_262' title='bbox 904 3382 953 3448; x_wconf 81' lang='grc' dir='ltr'><strong><em>ἐπὶ</em></strong></span> <span class='ocrx_word' id='word_1_263' title='bbox 965 3383 1024 3464; x_wconf 79' lang='grc' dir='ltr'><strong><em>τῆς</em></strong></span> <span class='ocrx_word' id='word_1_264' title='bbox 1033 3382 1146 3476; x_wconf 78' lang='grc' dir='ltr'><strong><em>ψυχῆς</em></strong></span> <span class='ocrx_word' id='word_1_265' title='bbox 1159 3378 1250 3474; x_wconf 78' lang='grc' dir='ltr'><strong><em>έάροι</em></strong></span> 
     </span>
     <span class='ocr_line' id='line_1_30' title="bbox 235 3478 1250 3578; baseline 0.003 -28"><span class='ocrx_word' id='word_1_266' title='bbox 235 3507 288 3562; x_wconf 91' lang='grc' dir='ltr'><strong><em>τις</em></strong></span> <span class='ocrx_word' id='word_1_267' title='bbox 300 3478 342 3550; x_wconf 70' lang='grc' dir='ltr'><strong><em>ἂν</em></strong></span> <span class='ocrx_word' id='word_1_268' title='bbox 356 3479 444 3550; x_wconf 86' lang='grc' dir='ltr'><strong><em>κατά</em></strong></span> <span class='ocrx_word' id='word_1_269' title='bbox 453 3478 516 3563; x_wconf 81' lang='grc' dir='ltr'><strong><em>τὴν</em></strong></span> <span class='ocrx_word' id='word_1_270' title='bbox 530 3478 674 3576; x_wconf 76' lang='grc' dir='ltr'><strong><em>φυσικὴν</em></strong></span> <span class='ocrx_word' id='word_1_271' title='bbox 684 3479 889 3566; x_wconf 81' lang='grc' dir='ltr'><strong><em>κατασκευὴν</em></strong></span> <span class='ocrx_word' id='word_1_272' title='bbox 900 3486 950 3567; x_wconf 79' lang='lat'><strong><em>²⁰)</em></strong></span> <span class='ocrx_word' id='word_1_273' title='bbox 965 3481 1151 3578; x_wconf 85' lang='grc' dir='ltr'><strong><em>διαφόρους</em></strong></span> <span class='ocrx_word' id='word_1_274' title='bbox 1160 3505 1250 3572; x_wconf 60' lang='grc' dir='ltr'><strong><em>γινοὲ</em></strong></span> 
     </span>
     <span class='ocr_line' id='line_1_31' title="bbox 235 3579 1249 3680; baseline 0.004 -28"><span class='ocrx_word' id='word_1_275' title='bbox 235 3589 338 3675; x_wconf 86' lang='grc' dir='ltr'><strong><em>μένας</em></strong></span> <span class='ocrx_word' id='word_1_276' title='bbox 357 3580 483 3676; x_wconf 75' lang='grc' dir='ltr'><strong><em>ἑκάστῳ</em></strong></span> <span class='ocrx_word' id='word_1_277' title='bbox 503 3579 564 3664; x_wconf 89' lang='grc' dir='ltr'><strong><em>τάς</em></strong></span> <span class='ocrx_word' id='word_1_278' title='bbox 584 3609 618 3652; x_wconf 83' lang='grc' dir='ltr'><strong><em>τε</em></strong></span> <span class='ocrx_word' id='word_1_279' title='bbox 642 3589 850 3678; x_wconf 82' lang='grc' dir='ltr'><strong><em>προαιρέσεις</em></strong></span> <span class='ocrx_word' id='word_1_280' title='bbox 877 3593 933 3655; x_wconf 89' lang='grc' dir='ltr'><strong><em>καὶ</em></strong></span> <span class='ocrx_word' id='word_1_281' title='bbox 957 3585 1017 3666; x_wconf 83' lang='grc' dir='ltr'><strong><em>τὰς</em></strong></span> <span class='ocrx_word' id='word_1_282' title='bbox 1037 3585 1169 3680; x_wconf 80' lang='grc' dir='ltr'><strong><em>πράξεις</em></strong></span> <span class='ocrx_word' id='word_1_283' title='bbox 1181 3596 1249 3656; x_wconf 76' lang='grc' dir='ltr'><strong><em>καὶ</em></strong></span> 
     </span>
     <span class='ocr_line' id='line_1_32' title="bbox 236 3685 1252 3784; baseline 0.004 -28"><span class='ocrx_word' id='word_1_284' title='bbox 236 3685 316 3768; x_wconf 73' lang='grc' dir='ltr'><strong><em>τοὺς</em></strong></span> <span class='ocrx_word' id='word_1_285' title='bbox 331 3690 426 3776; x_wconf 80' lang='grc' dir='ltr'><strong><em>βίους</em></strong></span> <span class='ocrx_word' id='word_1_286' title='bbox 440 3690 525 3770; x_wconf 67' lang='grc' dir='ltr'><strong><em>2οο).</em></strong></span> <span class='ocrx_word' id='word_1_287' title='bbox 539 3689 658 3767; x_wconf 86' lang='grc' dir='ltr'><strong><em>Ἧθος</em></strong></span> <span class='ocrx_word' id='word_1_288' title='bbox 670 3685 736 3782; x_wconf 84' lang='grc' dir='ltr'><strong><em>γάρ</em></strong></span> <span class='ocrx_word' id='word_1_289' title='bbox 752 3685 924 3784; x_wconf 81' lang='grc' dir='ltr'><strong><em>ἀνθρώπῳ</em></strong></span> <span class='ocrx_word' id='word_1_290' title='bbox 946 3690 992 3774; x_wconf 79' lang='lat'><strong><em>²¹)</em></strong></span> <span class='ocrx_word' id='word_1_291' title='bbox 1007 3693 1142 3782; x_wconf 83' lang='grc' dir='ltr'><strong><em>δαίμων,</em></strong></span> <span class='ocrx_word' id='word_1_292' title='bbox 1163 3690 1252 3760; x_wconf 79' lang='grc' dir='ltr'><strong><em>κατά</em></strong></span> 
     </span>
     <span class='ocr_line' id='line_1_33' title="bbox 236 3787 1249 3887; baseline 0.003 -27"><span class='ocrx_word' id='word_1_293' title='bbox 236 3788 296 3861; x_wconf 88' lang='grc' dir='ltr'><strong><em>τὸν</em></strong></span> <span class='ocrx_word' id='word_1_294' title='bbox 305 3787 532 3884; x_wconf 77' lang='grc' dir='ltr'><strong><em>Ἡράκλειτον,</em></strong></span> <span class='ocrx_word' id='word_1_295' title='bbox 554 3794 705 3861; x_wconf 89' lang='grc' dir='ltr'><strong><em>τουτέστι</em></strong></span> <span class='ocrx_word' id='word_1_296' title='bbox 716 3789 827 3887; x_wconf 82' lang='grc' dir='ltr'><strong><em>φάσις.</em></strong></span> <span class='ocrx_word' id='word_1_297' title='bbox 845 3788 906 3874; x_wconf 88' lang='grc' dir='ltr'><strong><em>Ὡς</em></strong></span> <span class='ocrx_word' id='word_1_298' title='bbox 916 3797 968 3862; x_wconf 82' lang='grc' dir='ltr'><strong><em>εἰιὶ</em></strong></span> <span class='ocrx_word' id='word_1_299' title='bbox 976 3791 1019 3862; x_wconf 86' lang='grc' dir='ltr'><strong><em>τὸ</em></strong></span> <span class='ocrx_word' id='word_1_300' title='bbox 1029 3800 1183 3864; x_wconf 78' lang='grc' dir='ltr'><strong><em>πλεῖστον</em></strong></span> <span class='ocrx_word' id='word_1_301' title='bbox 1193 3798 1249 3876; x_wconf 78' lang='lat'><strong><em>¹²²)</em></strong></span> 
     </span>
     <span class='ocr_line' id='line_1_34' title="bbox 235 3893 1249 3988; baseline 0.002 -26"><span class='ocrx_word' id='word_1_302' title='bbox 235 3893 301 3987; x_wconf 82' lang='grc' dir='ltr'><strong><em>γάρ</em></strong></span> <span class='ocrx_word' id='word_1_303' title='bbox 323 3900 397 3974; x_wconf 87' lang='grc' dir='ltr'><strong><em>ταῖς</em></strong></span> <span class='ocrx_word' id='word_1_304' title='bbox 418 3899 576 3988; x_wconf 83' lang='grc' dir='ltr'><strong><em>φυσικαῖς</em></strong></span> <span class='ocrx_word' id='word_1_305' title='bbox 596 3903 814 3976; x_wconf 75' lang='grc' dir='ltr'><strong><em>κατασκευαῖς</em></strong></span> <span class='ocrx_word' id='word_1_306' title='bbox 838 3903 952 3966; x_wconf 76' lang='grc' dir='ltr'><strong><em>τεκαὶ</em></strong></span> <span class='ocrx_word' id='word_1_307' title='bbox 974 3900 1166 3978; x_wconf 78' lang='grc' dir='ltr'><strong><em>διαθέσεσι,</em></strong></span> <span class='ocrx_word' id='word_1_308' title='bbox 1187 3895 1249 3976; x_wconf 83' lang='grc' dir='ltr'><strong><em>τὰς</em></strong></span> 
     </span>
     <span class='ocr_line' id='line_1_35' title="bbox 239 3995 1248 4097; baseline 0.004 -30"><span class='ocrx_word' id='word_1_309' title='bbox 239 3995 423 4087; x_wconf 68' lang='grc' dir='ltr'><strong><em>παράξεις</em></strong></span> <span class='ocrx_word' id='word_1_310' title='bbox 444 3995 598 4078; x_wconf 78' lang='grc' dir='ltr'><strong><em>καὶτοὺς</em></strong></span> <span class='ocrx_word' id='word_1_311' title='bbox 611 3999 706 4086; x_wconf 75' lang='grc' dir='ltr'><strong><em>βίους</em></strong></span> <span class='ocrx_word' id='word_1_312' title='bbox 727 4008 781 4070; x_wconf 91' lang='grc' dir='ltr'><strong><em>καὶ</em></strong></span> <span class='ocrx_word' id='word_1_313' title='bbox 806 3999 867 4082; x_wconf 86' lang='grc' dir='ltr'><strong><em>τάς</em></strong></span> <span class='ocrx_word' id='word_1_314' title='bbox 884 4000 1123 4097; x_wconf 86' lang='grc' dir='ltr'><strong><em>καταστροφάς</em></strong></span> <span class='ocrx_word' id='word_1_315' title='bbox 1134 3999 1248 4071; x_wconf 76' lang='grc' dir='ltr'><strong><em>άυτάν</em></strong></span> 
     </span>
    </p>
   </div>
   <div class='ocr_carea' id='block_1_3' title="bbox 0 0 1406 4762">
    <p class='ocr_par' dir='ltr' id='par_1_3' title="bbox 0 0 1406 4762">
     <span class='ocr_line' id='line_1_36' title="bbox 0 0 1406 4762; baseline 0 0"><span class='ocrx_word' id='word_1_316' title='bbox 0 0 1406 4762; x_wconf 95' lang='lat' dir='ltr'><strong><em> </em></strong></span> 
     </span>
    </p>
   </div>
  </div>
 </body>
</html>
