2728 4758
320 323 324 357 l

283 403 311 458 Α,
1032 351 1093 421 lat

158 629 363 716 Corporibus
390 630 496 718 itaque
522 634 627 698 omnia
654 635 794 700 tribuere
811 635 889 700 sire
914 632 1092 698 insecabili·

53 767 62 774 ·
93 737 176 815 bus,
214 736 282 800 sive
302 736 364 800 illis
389 758 469 821 quae
492 737 642 802 clementa
664 739 830 815 dicrmtur,
869 751 962 802 etex
983 752 1093 801 eornm

93 838 274 904 inordinato
289 839 387 904 incitu
405 841 553 906 ordinem
579 853 610 904 et
626 842 779 906 rationem
799 853 831 907 et
847 842 978 906 animam
999 856 1092 923 prae·

91 941 244 1007 sidentem
267 947 437 1022 deducere,
462 957 630 1028 utrumque
649 967 722 1009 sane
745 957 778 1009 et-
799 947 968 1008 absurdum
992 957 1040 1008 est
1063 955 1095 1006 et

92 1046 164 1110 lieri
180 1047 302 1131 nequit.
346 1049 444 1130 Quod
461 1049 487 1111 si
500 1048 543 1112 ita
564 1036 637 1112 licet
649 1049 756 1133 loqui,
781 1049 881 1111 minus
898 1060 1092 1131 potest-esse
1130 1116 1134 1127 Δ

92 1161 128 1212 ut
149 1169 191 1214 ex
218 1150 438 1214 insecabilibus
460 1152 657 1234 corpusculis
688 1163 800 1215 cuneta
824 1152 993 1214 exsistantz
1032 1173 1093 1234 qua
1119 1202 1124 1212 .

92 1257 131 1316 de
149 1273 188 1317 re
210 1254 373 1318 verissima
396 1255 477 1318 dicta
503 1268 575 1318 sunt
599 1255 685 1319 alibi.
745 1257 842 1338 Quod
869 1255 895 1318 si
919 1255 988 1338 quis
1014 1255 1093 1316 tales·

93 1367 211 1421 staurat
231 1379 359 1434 causas,
383 1379 423 1421 ne
443 1358 489 1422 sic
510 1359 636 1442 quidem
654 1343 783 1422 necesse
805 1359 865 1422 erit
882 1369 1019 1422 statuere
1042 1369 1095 1419 aut
1122 1359 1123 1362 ’

5 1507 6 1512 1
92 1481 202 1524 rerum
224 1462 362 1526 onmium
382 1461 616 1540 necessitatem,
652 1474 705 1525 ant
723 1461 874 1546 cuiusque
901 1459 1025 1546 generis
1046 1459 1095 1522 fa·
1163 1486 1166 1493 ·

92 1575 173 1628 tum.
217 1565 338 1630 Demus
375 1565 456 1629 enim
487 1563 556 1630 esse
584 1567 774 1648 corpuscula
801 1564 1003 1641 insecabilia,
1040 1562 1094 1626 illa

91 1667 199 1754 igitur.
213 1668 356 1732 serentur
377 1669 437 1734 alia
458 1671 623 1744 deorsum3
646 1673 812 1752 (ponamus
834 1669 915 1732 enim
943 1689 1012 1756 esse
1037 1666 1093 1730 ali·
1181 1681 1183 1688 ’

92 1771 169 1855 quid
187 1771 250 1835 alio
268 1772 413 1852 inferius)
440 1773 498 1837 alia
521 1793 562 1835 ex
579 1781 780 1850 transverso,
806 1784 904 1856 prout
929 1793 1019 1835 casus
1043 1783 1096 1834 tu·

92 1875 187 1952 lerit,
208 1875 285 1940 alia
315 1875 482 1940 aliorsum:
520 1888 715 1942 nonrautem
743 1889 830 1940 certa
855 1876 995 1944 motione
1022 1874 1096 1958 quia

93 1979 198 2043 nullus
216 1979 318 2040 adbuc
339 1979 399 2043 erit
419 1983 514 2043 ordo.
558 1982 604 2043 At
617 1982 705 2062 quod
719 1979 764 2043 sic
783 1991 888 2042 ortum
906 1990 970 2054 est,
996 1993 1096 2061 quan*-

92 2083 135 2146 do
166 2078 271 2146 ortum
301 2094 367 2159 est,
403 2082 525 2149 leretur
549 2081 689 2146 motione
718 2094 816 2146 certa.
872 2081 970 2146 Nulla
997 2081 1096 2164 igitur

69 2184 160 2256 ,erit
174 2185 369 2268 praedictio,
406 2186 492 2249 nulla
524 2173 726 2264 vaticinatio,
774 2205 839 2250 non
868 2185 922 2250 illa
943 2207 983 2247 ex
1013 2195 1096 2245 arte.¹

94 2289 282 2369 (Quomodo
303 2289 385 2352 enim
406 2310 457 2352 ars
479 2290 563 2353 circa
589 2289 708 2354 ordinis
730 2289 887 2373 expertia)
908 2311 979 2354 non⁴
995 2287 1094 2351 altera

95 2413 136 2454 cx
156 2391 305 2456 instinctu
327 2391 435 2457 divino
464 2394 646 2477 afflatuque.
690 2394 774 2456 Nam
796 2392 874 2456 etin
892 2393 941 2455 his
965 2403 1094 2474 oportet

93 2495 127 2558 id
158 2497 245 2578 quod
275 2495 416 2559 futurum
446 2508 510 2572 est,
549 2518 617 2560 esse
654 2495 826 2561 definitum.
883 2497 926 2559 Et
955 2516 1098 2576 corpora·

96 2597 220 2680 quidem
244 2599 423 2663 necessario
448 2600 607 2681 patientur
631 2621 686 2664 eos
712 2599 792 2663 ictus
820 2619 901 2683 qnos
934 2599 977 2662 eis
1013 2597 1096 2660 inlr·-

94 2701 303 2764 rentminnta
324 2702 383 2765 ista
404 2704 607 2785 corpuscula.
652 2703 698 2765 At
720 2703 812 2767 animi
834 2722 933 2784 opera
956 2723 992 2764 ac
1017 2701 1094 2764 effe·

94 2815 161 2868 ctus
180 2805 295 2888 quibus
317 2805 442 2867 tandem
461 2805 723 2888 corpusculorum
743 2807 878 2870 istorum
903 2805 1094 2869 motionibus

94 2908 266 2972 attribuere
294 2907 363 2992 quis
387 2907 530 2990 poterit?
577 2908 655 2990 Quis
689 2910 770 2972 enim
801 2909 882 2994 ictus
913 2905 1095 2990 corpusculi

94 3011 286 3074 insecabilis·
303 3013 450 3075 deorsum
482 3011 596 3095 perlati
614 3025 678 3075 'ant
707 3013 813 3097 aliquo
848 3017 943 3076 modo
974 3011 1096 3079 offensi
1131 3007 1135 3015 '

95 3115 206 3178 efficiet
237 3127 273 3177 nt
299 3115 411 3190 tales,¹
432 3128 463 3178 et
491 3117 568 3180 tales
603 3113 665 3180 sint
696 3117 826 3180 rationis
853 3117 1093 3210 disceptationes

95 3231 149 3286 aut
170 3219 327 3310 nrotiones
349 3220 527 3300 appetitus,
552 3229 605 3284 aut
628 3220 854 3284 intellectiones
878 3231 930 3282 aut
952 3221 1094 3282 effectio·

94 3343 169 3398 nes,
181 3310 228 3384 ¹ut
250 3321 311 3384 sint
331 3322 511 3388 necessario
532 3337 586 3387 aut
605 3325 671 3389 ullo
694 3327 812 3400 modo,
836 3322 1022 3405 praesertim
1038 3321 1095 3384 ubi

95 3425 203 3510 anima¹
222 3447 256 3488 se
283 3425 417 3508 opponit
445 3425 592 3508 corporis
620 3424 945 3510 perturbationibus?
981 3426 1093 3509 quibus

5 3591 7 3604 ,
95 3529 229 3612 denique
250 3527 378 3593 illorum
397 3530 666 3612 corpusculorum
690 3529 945 3594 concitationibus
973 3529 1027 3592 fiet
1058 3541 1093 3590 nt

5 3615 10 3632 ⁸
94 3632 147 3696 hic
171 3632 212 3696 sit
236 3644 417 3718 geometra,
453 3633 531 3696 alius
556 3645 654 3696 artem
672 3633 840 3698 ‘sideralem
869 3635 921 3696 vel
947 3651 1092 3696 numera-

94 3736 173 3799 riam
192 3737 471 3824 ereren-sapiens
492 3738 532 3800 sit
554 3737 646 3799 alius:
687 3735 827 3801 Omnino
846 3737 926 3800 enirn
948 3747 1092 3800 nostrum
1175 3723 1177 3729 ¹

94 3841 158 3903 hoc
175 3851 224 3902 est
243 3861 342 3921 opus:
368 3861 404 3903 ac
423 3853 463 3904 ne
482 3840 645 3904 animantia
669 3839 792 3922 quidem
813 3840 948 3917 erimus,
973 3840 999 3902 si
1017 3837 1094 3902 feri·

94 3965 200 4020 mur,¹
223 3965 287 4027 qao
312 3965 370 4009 nos
395 3947 524 4009 trudunt
550 3941 748 4028 corporalia,
787 3943 867 4041 sicut
888 3943 971 4008 trudi
992 3944 1094 4010 solent

157 4063 171 4091 ἱ
