2774 4756
356 532 517 604 διδόασι-ν,
561 535 684 600 Verum
707 531 874 598 Caesarius
889 529 1083 625 ξενοβὸρους
1095 533 1169 600 ilios
1183 537 1274 604 ἑσπέ-

356 665 413 727 ρια
428 641 571 728 κλίματα
587 639 723 703 tenuisse
738 636 899 722 signanter
912 640 1020 702 hahet.
1050 631 1274 706 Diiiunetiam

356 742 434 806 illud
454 755 523 820 est,
549 745 636 826 quod
656 743 842 830 Herodotus
863 741 960 804 Lihn.
980 742 1045 806 111.
1069 743 1198 821 scribit,
1221 746 1275 809 In·

360 849 435 924 dos,
462 845 609 910 Callatias
632 844 755 922 dictos,
780 844 1001 909 defunctorum
1014 858 1181 935 pauentum
1202 869 1275 912 con·

358 949 491 1034 poribus
524 945 676 1035 saginari.
730 950 841 1013 Locus
877 947 1006 1036 insignis
1039 961 1104 1026 est,
1143 971 1184 1013 ex
1213 973 1277 1034 quo

359 1073 453 1136 quem
474 1073 548 1117 suae
570 1052 747 1136 quibusque
776 1053 863 1137 leges
891 1052 1054 1134 placeant,
1091 1073 1185 1118 nenio
1213 1077 1277 1118 non

356 1156 522 1242 intelliget.
591 1159 750 1245 Δαρεῖος,
785 1154 904 1238 inquit,
942 1158 1086 1232 καλέσας
1116 1151 1294 1238 Ἑλλήνων,

262 1317 266 1328 .
358 1256 435 1338 τοὺς
460 1255 644 1350 παρεόντας
651 1271 661 1341 ’,
704 1259 828 1348 έίρετο,
864 1260 927 1324 ἐπὶ·
942 1253 1046 1351 πόσῳ
1064 1255 1106 1325 ἂν
1133 1255 1277 1350 χρήματι

355 1357 531 1451 βούλοιντο
553 1359 630 1442 τοὺς
657 1365 804 1452 πατέρας
831 1354 1113 1443 ἀποθνήσκοντας
1140 1387 1277 1430 κατασι-

359 1469 515 1532 τέεσθαι·
535 1461 585 1532 ‘Oc
601 1467 653 1542 δέ,
679 1460 723 1532 ἐπ’
743 1461 849 1531 οὐδενὶ
866 1464 998 1556 ἔφασαν
1020 1468 1123 1555 ἕρδειν
1144 1461 1186 1534 ἂν
1206 1469 1279 1533 τοῦ·

357 1593 407 1638 το.
453 1573 590 1659 Δαρεῖος
611 1570 646 1634 δέ
667 1564 752 1654 μετὰ
765 1570 900 1646 ταῦτα,
921 1564 1190 1646 ααλέσαςἸνόῶν
1204 1571 1279 1648 τοῦς

357 1674 572 1759 καλεομένους
593 1671 789 1748 Καλλατίας
800 1719 809 1750 ,
831 1674 863 1736 οἱ
884 1669 961 1751 τοὺς
982 1675 1099 1757 γονέας
1119 1673 1279 1740 eustosii-

360 1798 455 1855 ουσι,
477 1775 579 1865 έὶρετο
595 1769 782 1864 παρεόντων
795 1775 860 1840 τῶν
874 1767 1045 1854 Ἑλλήνων,
1061 1775 1112 1840 ἐπὶ
1125 1774 1189 1841 τίνι
1200 1771 1279 1866 χρὴ.

358 1903 442 1967 ματι
462 1871 594 1958 δέξαιντ’
618 1871 660 1943 ἂν
679 1878 905 1954 τελεοτέοντας
925 1872 1004 1954 τοὺς
1017 1881 1163 1968 πατέρας
1177 1903 1278 1944 κατα-

246 2029 260 2048 ,
359 1981 462 2048 καίειν
490 1980 585 2070 πυρί·
621 1982 653 2045 οἱ
680 1981 715 2045 δέ
744 1972 956 2065 ἀμβώσαντες
981 1982 1085 2066 μέγα,
1119 1982 1279 2072 εὀφημεῖν

357 2109 415 2173 μιν
436 2086 589 2150 ἐκέλευον.
619 2084 718 2146 'Tum
747 2080 907 2146 concludit
939 2075 1024 2148 ὁύτω
1045 2090 1106 2169 μέν
1126 2085 1185 2150 νῦν
1207 2110 1280 2152 τινα
1376 2073 1378 2110 ³

357 2182 563 2275 νενόμισται,
593 2191 649 2252 καὶ
671 2181 787 2275 ὀρθῶς
807 2207 871 2268 μοι.
887 2186 979 2250 δοκεῖ
996 2186 1167 2274 Πίνδαρος
1187 2192 1282 2270 ποιῆ-

338 2290 418 2358 Ισαι
440 2284 542 2377 νόμον
562 2283 693 2355 πάντων
714 2289 855 2374 βασιλέα
878 2283 990 2379 φήσας
1012 2290 1104 2354 έῐναι.
1137 2291 1281 2374 (γέρεα)
1377 2329 1378 2336 1

191 2418 195 2423 ’
256 2398 329 2486 ,10)
357 2388 470 2483 παρὰ
505 2390 697 2482 Πέρσας]
741 2391 809 2453 Has
847 2391 1016 2454 Persarum
1048 2387 1282 2480 ιἰρρητομιξέας

361 2496 569 2581 plurimorum
591 2494 784 2576 scriptorum
807 2493 994 2557 auctoritate
1012 2497 1136 2558 damnat
1150 2495 1280 2560 Brisso·

259 2661 264 2670 .
359 2601 427 2665 nius
449 2599 481 2662 in
503 2597 628 2661 erudito
650 2600 688 2661 de
704 2596 812 2660 Persis
835 2597 1076 2664 commentario.
1126 2598 1281 2662 Theodo-

359 2717 445 2768 retus
469 2701 563 2766 Libn.
586 2701 653 2764 IX.
683 2703 721 2762 de
744 2701 862 2764 Graec.
886 2700 992 2764 effect.
1026 2722 1061 2783 p.
1086 2701 1148 2764 120
1181 2703 1283 2765 Zara-

361 2810 432 2870 dam
453 2803 618 2886 impiarum
638 2803 742 2887 legem
765 2813 927 2866 aiaetonem
941 2803 1035 2879 fauit,
1060 2825 1155 2886 quem
1168 2804 1279 2881 Plato,

361 2911 395 2974 ni
414 2907 529 2984 fullon,
554 2908 727 2970 Zarasdam
750 2905 866 2968 alicubi
887 2905 1041 2969 nominat.
1066 2905 1234 2972 Caesarius
1258 2903 1295 2970 l.'

363 3013 418 3077 cit.
454 3009 620 3076 Chaldaeis
650 3019 681 3071 et
709 3008 893 3089 Babyloniis
925 3008 1006 3072 idem
1036 3011 1139 3074 scelus
1172 3009 1285 3074 tribuit

359 3117 599 3204 μητρογαμεῖν,
621 3106 915 3203 ἆὸσλιμοφθορεῖν,
936 3116 990 3177 καὶ
1010 3119 1083 3190 ταῖς
1098 3113 1192 3198 σφῶν
1206 3138 1285 3178 παι·

363 3224 415 3286 oin
427 3216 672 3302 ἐπιμαίνεσθαι.
688 3215 807 3292 (Idem)
830 3214 978 3296 Sophiste
990 3216 1128 3280 Doricus
1141 3215 1281 3278 Dissert.

364 3323 412 3386 ΙΙ.
436 3317 558 3384 Monaii
579 3320 663 3401 apud
679 3317 821 3380 Galeam·
833 3328 864 3379 et
877 3317 909 3380 in
925 3316 1049 3400 Opuse.
1064 3319 1143 3380 vet.
1161 3322 1282 3383 Graec.

365 3421 563 3488 sententiosis
587 3423 630 3486 T.
646 3421 693 3486 ΙΙ.
717 3441 751 3505 p.
765 3420 838 3484 217.
862 3422 913 3483 ed.
937 3432 1039 3483 nostr.
1064 3426 1115 3486 τοὶ
1137 3422 1172 3486 δέ
1195 3424 1286 3510 Πέρ-

363 3551 423 3594 σαι
444 3524 649 3610 κοσμεῖσθαι
669 3547 703 3589 τε
726 3513 826 3613 ὥςπερ
849 3519 910 3599 τὰς
929 3527 1105 3609 γυναῖκας,
1144 3527 1201 3588 καὶ
1222 3521 1286 3600 τὼς

361 3625 486 3718 ἄνδρας
507 3623 610 3693 καλὸν
630 3627 793 3712 νομίζοντι
800 3674 809 3706 ,
845 3630 900 3691 καὶ
927 3626 971 3716 τᾷ
992 3629 1142 3715 θυγατρὶ
1164 3630 1220 3690 καὶ
1243 3625 1286 3715 τῷ

363 3735 481 3821 ματρὶ,
502 3733 558 3796 καὶ
579 3729 623 3819 τᾷ
643 3724 773 3820 uuisioni
795 3729 935 3816 συνέμεν.
965 3726 1065 3796 Cous.
1090 3729 1181 3793 Sext.
1205 3731 1285 3792 Em-

311 3816 321 3857 *
366 3833 469 3918 pinio„
489 3832 634 3912 Python.
661 3833 787 3912 Hypot.
835 3831 1001 3896 Liur.11.
1038 3830 1122 3917 Cap.
1146 3831 1285 3898 XXIV.

253 3993 257 4002 .
367 3959 400 4000 v.
424 3935 497 4030 2053
520 3958 554 4017 p.
580 3935 652 3998 178.
676 3935 727 3997 ed.
750 3932 878 3998 Fabrie.
913 3933 988 4013 (0.)
