2728 4758
1063 415 1125 482 css
1159 509 1162 518 Α

5 655 6 666 ¹
125 584 197 646 dnm
222 577 351 666 punitum
382 587 414 644 ct
445 599 564 663 poenas
597 581 668 656 dat,
705 579 855 647 liberatus
884 571 906 646 'a
934 577 1122 664 uitiositnitc,

5 673 6 710 ³
126 685 256 751 voluta
288 682 434 767 corporis
460 685 576 748 morbo
595 685 812 749 mordentibus
844 687 981 755 solemus
1018 699 1050 752 ct
1077 689 1126 754 in·

5 777 6 822 ³
116 786 226 874 gratis
244 787 493 865 medicamentis,
524 787 627 869 possit
650 787 771 854 felicius
800 810 913 875 agere,
945 800 977 855 et
996 791 1126 855 liberta·

4 911 5 918 ¹
125 901 223 954 tatem
240 911 312 956 cum
329 890 482 954 servimte
503 900 714 968 commutare,
738 895 827 976 quod
842 891 948 958 mitior
968 894 1127 960 correctio

126 1003 263 1078 propter
297 992 493 1059 vitiosiorem
526 992 667 1056 habitum
702 994 827 1078 assequi
863 1017 928 1060 non
958 995 1127 1079 potuisset.

87 1126 89 1152 ι
126 1097 173 1162 Ut
207 1097 286 1162 adeo
316 1096 394 1161 nihil
422 1096 521 1175 obsit,
560 1117 625 1182 quo
661 1096 761 1161 minus
797 1097 887 1175 mali,
938 1110 1009 1163 utut
1036 1098 1128 1163 inviti

124 1199 200 1263 mali
227 1201 306 1278 siut,
340 1200 540 1266 nihilominus
568 1199 759 1283 puniantur,
798 1199 950 1284 siquidem
977 1222 1043 1266 non
1072 1224 1127 1266 au·

126 1314 245 1389 gentur
275 1301 385 1383 malis,
433 1306 491 1369 sed
520 1303 683 1370 utilitatem
716 1301 843 1386 capiunt
881 1325 923 1367 ex
957 1304 1126 1386 supplicio.

125 1407 200 1471 Hac
220 1427 301 1492 ergo
319 1407 442 1472 ratione
464 1419 536 1470 sunt
555 1406 627 1485 Dii,
661 1406 722 1471 hac
742 1407 914 1490 provident
933 1406 1125 1484 hominibus,
1187 1453 1191 1464 .

125 1511 188 1574 hac
209 1510 283 1574 mad
301 1531 395 1575 causa
415 1531 480 1576 non
501 1522 591 1589 sunt,
628 1510 689 1574 hae
709 1510 843 1595 denique
863 1510 931 1575 fato
952 1509 1126 1574 inevitabili

125 1615 216 1698 quod
240 1613 391 1698 optimum
413 1624 461 1678 est
481 1613 593 1698 cuique
621 1614 776 1678 tribuunt.
819 1613 927 1696 Quare
948 1625 984 1679 ut
1004 1612 1126 1679 modice

126 1716 246 1786 dictum
266 1716 326 1795 sit,
348 1716 410 1782 mm
432 1717 507 1782 satis
528 1717 645 1784 dicmm
667 1730 749 1784 esto.

125 2363 355 2434 BESSARIO
378 2362 665 2433 CARDINALIS
692 2361 811 2432 VIRO
839 2359 1127 2431 DOCTISSIMO

211 2507 540 2576 PRAEGEPTORI'
559 2505 646 2574 SUO
676 2505 890 2574 GEORGIO
916 2505 1127 2574 GEMISTO

214 2649 251 2714 S.
272 2647 319 2714 tt.

527 2774 730 2874 DsiFato.

189 2947 313 3014 Verum
333 2947 417 3015 enim
443 2969 523 3014 vero
552 2947 634 3012 inter
656 2947 875 3033 pervulgatam
902 2967 1031 3032 qnoque
1052 2965 1124 3012 sen-

121 3052 254 3118 tentiam
271 3054 309 3117 de
323 3053 406 3134 Fato
425 3063 456 3117 et
466 3051 649 3115 necessitate
671 3049 862 3136 distinguere
883 3049 1029 3114 videntur
1045 3049 1125 3113 Sim·

122 3154 240 3241 plicius
263 3165 294 3218 et
320 3155 582 3239 olympiodorus.
625 3153 689 3219 Hic
714 3153 839 3238 quidem
863 3152 896 3215 in
916 3153 1127 3217 Animadver-

122 3256 270 3325 sionibns
290 3255 325 3319 in
345 3259 551 3323 Enchiridion
577 3256 732 3341 Epicteti,
773 3267 939 3321 aversatur
961 3275 1036 3332 eos,
1073 3255 1128 3338 qui

119 3358 306 3426 ,necessitati
328 3359 432 3424 omnia
452 3359 648 3440 devinciunt,
672 3373 704 3424 et
722 3358 918 3446 argumentis
937 3379 1049 3440 eorum
1071 3378 1128 3421 ex-

126 3463 240 3548 positis
272 3473 365 3546 atque
386 3461 504 3526 eversis
530 3462 599 3546 ipse
624 3463 761 3532 ostendit
787 3473 819 3526 et
843 3460 1020 3540 concludit,
1059 3459 1130 3544 opi·

127 3566 255 3630 nionem
273 3577 305 3628 et
321 3563 508 3630 desiderium
524 3565 661 3644 murae,
687 3589 725 3631 ac
741 3566 774 3630 in
795 3565 977 3630 universum
1000 3562 1131 3628 electio-

126 3690 199 3733 nem
227 3689 264 3732 ac
290 3667 491 3752 propositum
515 3687 585 3731 csse
608 3667 641 3731 in
663 3669 796 3734 arbitrio
816 3667 969 3746 hominis,
1008 3688 1127 3751 nequa·
1236 3660 1243 3675 '

127 3792 222 3855 quam
245 3793 323 3837 vero
341 3784 465 3837 concta.
508 3768 622 3852 Aliter}
637 3770 718 3834 enim
734 3783 908 3837 remotum
923 3769 1047 3855 quidem
1062 3769 1128 3833 eius

127 3885 334 3956 spontaneum
368 3895 463 3960 posse
502 3872 642 3950 servari,
691 3869 766 3957 quin
797 3895 836 3937 ne
871 3873 972 3958 ipsam
1003 3871 1128 3956 quidem

130 3975 311 4055 essentiam
353 3981 409 4046 sed
439 3979 569 4046 simmae
599 3976 751 4044 tollantur
782 3997 841 4058 ea,
887 3999 967 4063 quae
999 3975 1061 4043 sint
1094 3974 1128 4038 in
