2728 4758
1071 379 1132 462 ast

57 553 61 562 ⁴
126 569 208 634 Nam
230 566 294 634 hoc
317 569 389 654 ipso
413 571 514 636 maior
537 589 607 634 eum
631 583 793 662 'premeret
819 571 1005 646 necessitas,
1043 570 1130 654 qnod

124 695 189 738 non
214 673 296 737 esset
321 674 370 738 sui
397 675 496 753 iuris,
535 676 591 738 ted
618 673 673 738 tali
697 675 835 739 ferretur
858 672 955 738 ineitu
987 671 1042 758 qui
1069 693 1129 736 nee

124 775 321 840 voluntarius
359 790 462 856 esset,
500 798 559 842 nec
591 799 632 842 ex
665 799 758 842 causa
791 777 893 863 aliqua
924 779 1126 860 procederet.

123 881 207 944 Nam
235 879 269 943 id
293 883 380 964 quod
407 882 553 946 volumus
579 881 714 945 animum
740 880 915 946 commovit
940 879 1008 943 sive
1043 877 1127 942 intus

123 983 190 1048 sive
214 995 322 1060 extra,
343 995 407 1056 ,arnt
430 982 462 1047 id
488 988 575 1068 quod
595 984 755 1068 cupimus,
792 996 844 1048 aut
866 983 893 1047 si
914 982 990 1046 nihil
1016 1001 1126 1046 eorum

123 1107 207 1170 quae·
228 1088 402 1169 expetimus
428 1085 488 1152 luit
509 1090 596 1172 quod
617 1097 835 1151 commoveret
861 1087 1014 1162 animum,
1038 1097 1126 1150 certe

121 1191 320 1254 commoveri
336 1211 400 1255 non
421 1191 537 1273 potuit.
583 1190 679 1272 Quod
694 1187 814 1254 siliunt
832 1189 935 1253 omnia
951 1209 991 1250 ex
1009 1187 1121 1264 causis,

120 1293 285 1373 proximas
315 1293 436 1358 effectis
457 1296 554 1357 rebus
576 1293 668 1357 tacite
690 1304 738 1356 est
762 1291 922 1368 invenire,
958 1294 1049 1354 etad
1071 1309 1135 1393 eas·

121 1395 253 1459 effectus
279 1395 367 1479 ipsos
389 1396 558 1482 redigere:
592 1408 668 1480 puta
697 1398 799 1459 eundo
823 1394 855 1458 in
876 1397 1003 1470 lorum,
1037 1393 1126 1477 quosl-

121 1515 202 1580 opus
228 1497 289 1562 tuit
318 1499 427 1563 videre
455 1501 611 1584 aliquem,
650 1509 704 1562 auu
729 1499 865 1562 debiturn
891 1497 1052 1579 recipere,
1090 1507 1122 1558 et

121 1602 293 1684 generatim
317 1621 374 1666 cur
397 1603 469 1687 quis
487 1601 569 1666 haee‘
592 1603 709 1688 eligat,
744 1615 775 1666 et
797 1602 906 1665 deinde
925 1601 1065 1683 appetitu
1083 1603 1123 1664 ad
1216 1679 1223 1693 Ι

120 1724 154 1765 ea
171 1704 373 1782 concitetur,
399 1709 486 1790 quod
505 1705 548 1770 ita
566 1705 742 1770 faciendum
764 1704 865 1768 visum
890 1718 938 1768 est
965 1703 1038 1787 ipsi.
1077 1705 1122 1766 Et

119 1807 268 1870 nonnulla
290 1808 416 1892 quidem
444 1810 578 1885 horum,
619 1809 738 1873 artibus
764 1820 892 1891 accepta
919 1807 1065 1871 ferrantur
1086 1817 1138 1907 ut¹

119 1910 321 1992 recuperatio
340 1909 478 1974 sanitatis
501 1910 672 1975 medicinae
694 1923 725 1974 et
744 1912 884 1986 medico;
908 1909 1033 1974 divitiae
1049 1908 1126 1973 the-'
1228 1976 1234 1983 „

118 2033 214 2076 sauro
236 2013 368 2079 invento
389 2027 444 2078 aut
468 2015 648 2078 liberalitati
674 2015 825 2091 alterius,
856 2027 908 2078 aut
932 2013 1037 2077 labori
1067 2007 1121 2094 aut¹

118 2115 254 2180 artffieio
278 2127 488 2200 quaestuosoa
510 2117 716 2199 filiuspatri,
739 2129 771 2181 et
794 2116 917 2202 siquid
939 2117 1022 2180 aliud
1047 2116 1126 2198 opi·'

118 2220 247 2281 uelatum
270 2233 318 2282 est
343 2222 383 2284 ad
404 2221 657 2307 generationem,
696 2222 829 2284 alterum
854 2220 945 2284 alteri
965 2205 1128 2302 supervo*

117 2322 222 2398 niens,
247 2335 282 2386 ut
305 2321 368 2386 eibi
386 2323 511 2408 quidam
529 2336 582 2387 aiat
605 2323 697 2387 etiam
714 2323 797 2387 inter
811 2345 847 2387 ea
866 2345 947 2408 quae
962 2321 1128 2406 propiora

116 2437 205 2502 erint,
241 2439 367 2508 reperta
389 2426 528 2490 foemina
553 2439 626 2510 apta
651 2429 689 2490 ad
706 2427 909 2509 pariendum:
944 2425 1118 2512 generatim
1137 2499 1140 2504 ,

115 2549 196 2594 vero
208 2541 329 2614 matura
349 2529 430 2612 ipsa.

588 2737 637 2802 ΙΙ.

176 2841 230 2904 Ae
250 2841 329 2905 haee
348 2839 404 2904 ubi
424 2851 550 2903 ventum
576 2837 638 2915 sit,
672 2837 716 2903 usi
737 2839 964 2923 conquiescere
989 2863 1049 2906 nee
1072 2843 1129 2908 ad'
1209 2824 1217 2832 ⁸

112 2943 278 3027 superiora
300 2945 468 3026 ascendere
490 2941 590 3006 videri
611 2954 799 3025 potestesse
817 2943 951 3007 hominis
974 2943 1127 3034 degene-¹

111 3047 173 3124 ris,
197 3067 299 3131 neque
320 3044 364 3109 eis
386 3044 605 3121 auscultantis,
630 3045 683 3128 qui
699 3047 738 3108 ad
754 3045 872 3128 primas
888 3059 919 3110 et
938 3060 1024 3113 trans
1041 3073 1111 3115 om-

110 3152 161 3214 nia
182 3169 291 3212 eatrscs
314 3151 498 3212 ascendunt.
542 3146 611 3213 Cur
628 3149 710 3212 enim
729 3171 800 3212 eum
819 3152 927 3211 eadem
945 3146 1123 3232 exsistant,¹
1223 3191 1227 3216 t

110 3263 186 3336 pota
211 3270 281 3316 etun
306 3252 380 3326 luna
398 3253 561 3333 appareat,
585 3251 664 3316 alius
685 3252 811 3316 iuratur
835 3251 912 3315 alius
935 3259 1000 3318 non
1022 3257 1110 3321 sura«-

109 3370 183 3432 tur,
223 3367 346 3419 etcum
369 3352 467 3416 abiis
494 3357 590 3448 rebus
619 3375 699 3439 quae
719 3367 785 3419 uos
812 3355 1112 3444 circumplectuntur

109 3461 218 3523 eadem
240 3457 492 3531 adnostasse,
529 3458 606 3522 alius
628 3458 825 3544 aegrotavit,
850 3459 927 3522 alius
949 3461 1029 3524 bene
1052 3487 1110 3526 ,va-

1 3619 2 3622 ,
108 3563 188 3639 luit,
223 3581 263 3624 ex
288 3561 396 3624 iisdem
418 3559 568 3641 operibus
589 3561 641 3624 hic
668 3562 754 3626 dives
777 3561 830 3631 fit,
864 3584 987 3645 pauper
1008 3563 1112 3629 alius?

1 3716 9 3750 Ἴ.
108 3668 193 3728 'l'um
216 3685 296 3728 vero
315 3661 441 3727 vivendi
453 3661 592 3726 rationes
611 3675 780 3749 moresque
797 3664 913 3728 diversi
931 3689 990 3730 nec
1008 3664 1124 3732 minus¹

106 3772 255 3834 fortunae
277 3768 388 3830 uolunt
414 3788 475 3830 nos
498 3766 546 3829 ire
571 3765 718 3850 longius:
756 3781 786 3831 et
816 3769 861 3832 sie
883 3790 1034 3854 nusquam
1056 3795 1107 3835 re-

105 3875 265 3953 perientes
292 3870 352 3932 ubi
381 3882 464 3932 stare
492 3869 634 3951 possint,
674 3869 723 3932 alii
757 3862 909 3952 principia
939 3885 1109 3938 statuentes

107 3995 284 4060 corporea,
316 3985 392 4056 puta
417 3993 554 4056 eaquae
582 3971 686 4040 dicum
711 3973 907 4050 insecabilia,
932 3975 1045 4040 horum
1062 3980 1107 4044 in.
