2804 4762
1096 368 1137 432 25

127 541 210 626 luga
232 546 264 602 et
285 549 381 602 cursu
395 535 543 612 'dominis
568 534 632 600 auis
654 533 748 600 tieret
768 533 896 600 obvius.
940 533 1025 618 Quid
1057 557 1137 604 vero

133 663 219 726 opus
240 641 335 725 plura
357 641 482 706 adferre
502 639 665 722 exemplu,
704 649 757 702 aut
773 637 946 703 'minutiora
965 638 1025 704 ista
1047 661 1139 704 exse-

133 743 214 830 quit
244 744 325 808 Satis
348 744 428 808 enim
444 753 600 828 'quantum
622 741 764 805 instituto
787 742 953 820 convenit,
978 755 1138 810 ostensum

133 860 265 932 estque
286 847 446 918 intellectu
466 847 527 908 ista
548 845 705 910 vocabula
724 857 928 928 usurpentur.
958 845 1040 912 Cum
1058 869 1139 934 ergo

134 969 218 1036 quae
246 952 377 1030 fortuna
404 969 547 1033 quaeque
576 969 651 1012 casu
678 949 779 1024 liunt,
816 947 891 1014 talia
921 949 983 1013 sint
1010 963 1045 1015 ut
1076 975 1141 1018 non

133 1054 213 1119 fiant
235 1075 276 1118 ex
297 1054 496 1116 antecedente
518 1073 611 1114 causa
631 1050 798 1133 principali
827 1054 919 1130 (sunt
946 1055 1028 1118 enim
1049 1077 1140 1122 casus

135 1170 169 1222 et
188 1157 320 1221 fortuna
340 1155 373 1218 in
394 1154 433 1218 iis
453 1153 576 1238 posita,
610 1173 789 1236 quaerero
811 1145 1064 1223 antecedentibus
1086 1183 1141 1224 su·

135 1259 367 1346 perveniunt,)
397 1260 560 1342 quomodo
583 1277 694 1321 eomuu
717 1275 797 1340 quae
820 1256 953 1322 diximus
974 1262 1142 1345 quicqum

124 1363 259 1447 ,poterit
281 1361 407 1424 delendi
428 1381 469 1424 ex
498 1372 609 1424 eorum
640 1359 812 1436 sententia,
847 1361 902 1444 qui
931 1364 1034 1428 omnia
1062 1390 1143 1450 quae

124 1477 213 1542 ‚sunt
236 1487 380 1549 muneque
401 1465 480 1528 linunt
507 1463 643 1527 existere
666 1465 797 1527 credunt
820 1485 861 1526 ex
882 1469 1065 1548 antepositis
1086 1494 1143 1535 ne-

138 1569 378 1650 cessitatemque
401 1567 623 1630 adducentibus
646 1565 766 1642 causis,
797 1566 840 1631 ita
863 1579 898 1630 ut
920 1567 1068 1655 quicquid
1088 1575 1143 1653 fit,

126 1673 183 1750 ¹ibi
206 1672 300 1736 etiam
323 1672 456 1734 alterum
477 1670 555 1734 illud
582 1669 657 1753 quin
686 1669 743 1746 sit,
783 1691 907 1736 causam
938 1674 1000 1737 iam
1031 1677 1147 1744 habent

127 1775 345 1850 antemnam,
384 1791 465 1858 quae
491 1772 547 1837 ubi
576 1784 624 1835 est
656 1785 709 1836 aut
729 1773 784 1850 fit,
821 1773 866 1838 ibi
892 1773 984 1840 etiam
1014 1779 1145 1846 alternm

128 1881 219 1944 illud
240 1877 316 1962 quin
339 1877 379 1940 sit
400 1888 454 1940 aut
481 1875 538 1939 fiat
565 1875 664 1961 effugi
691 1876 848 1960 nequeat?
890 1879 1015 1946 Deinde
1043 1883 1147 1949 dicere

130 1983 235 2068 ¹iden,
272 1982 359 2064 quod
379 1999 494 2044 nornen
514 1979 663 2043 fortunae
683 2001 748 2046 uon
770 1981 901 2044 tollatur
934 1984 973 2046 ab
1000 1985 1054 2062 iis,
1094 1991 1149 2074 qui

131 2097 262 2158 ‚cuncta
283 2082 466 2146 necessitate
487 2081 680 2146 ineluctabili
699 2081 770 2144 lieri
784 2083 982 2163 existimant,
1008 2101 1039 2151 et
1048 2089 1149 2174 ipsam

95 2266 100 2272 ι
145 2209 275 2274 quoqne
296 2187 457 2250 fortunam
479 2186 519 2248 nb
540 2183 578 2250 iis
599 2203 665 2248 non
687 2183 774 2261 tolli,
799 2197 830 2248 et
851 2199 950 2252 semet
971 2200 1003 2253 et
1025 2196 1150 2262 audito-

143 2313 195 2356 res
219 2289 416 2368 cavillatorie
444 2287 669 2350 ludificantium
691 2299 751 2352 e'st.
795 2287 834 2354 Id
855 2290 936 2354 enim
957 2293 983 2357 si
1006 2299 1151 2364 admitta-

145 2407 213 2472 tur,
236 2392 314 2474 nibil
335 2389 518 2473 prohibebit
540 2391 643 2454 dicere
664 2391 748 2459 idem
768 2413 837 2456 esse
860 2395 973 2459 Fatum
994 2408 1026 2462 'et
1046 2403 1152 2468 fortu-
1173 2387 1175 2400 ¹

83 2487 86 2498 '
146 2521 239 2575 nam,
281 2507 463 2578 tantumque
492 2497 602 2558 abesse
630 2505 666 2557 ut
687 2493 806 2578 quiin
826 2497 956 2576 sentiat,
990 2503 1152 2572 fortunam

133 2602 258 2677 ¹tollat,
281 2611 317 2661 ut
339 2597 431 2660 etiam
454 2609 566 2660 currcta
585 2617 667 2680 quae
688 2597 785 2675 fiunt,
814 2601 900 2666 forte
920 2599 1050 2670 fortuna
1071 2610 1153 2676 dicat
1182 2685 1186 2692 ¹

147 2705 231 2770 lieri.
277 2701 442 2766 Sedenim
464 2700 587 2764 suffiicit
608 2701 772 2783 quodilla
795 2703 904 2783 tollat,
935 2707 975 2770 ‘ad
1001 2730 1083 2793 quae
1107 2691 1154 2779 'si-

150 2809 328 2894 gnificanda
346 2827 439 2894 castus
462 2815 494 2867 et
520 2804 667 2868 fortunae
689 2805 845 2868 vocabula
872 2813 1018 2892 usurpari
1038 2815 1155 2882 solent.

151 2912 237 2993 Quid
259 2909 341 2973 enim
364 2918 461 2992 agunt
482 2907 566 2970 aliud
587 2907 642 2989 qui
661 2907 822 2970 femmam
838 2921 869 2972 et
885 2932 990 2976 casnm
1006 2917 1156 2984 definiunt

151 3035 278 3079 eausam
299 3014 452 3074 humanae
474 3007 589 3072 rationi
609 2996 776 3084 latentem,
812 3024 865 3074 aut
887 3014 979 3078 etiam
1001 3025 1155 3102 quandam

48 3123 54 3138 '
150 3115 415 3203 significationem
436 3112 511 3196 ipsis
533 3111 697 3195 propriam
726 3133 764 3175 ac
791 3114 982 3195 peculiarem
1008 3121 1156 3190 sor-tunae

138 3220 228 3296 ‚voci
248 3239 310 3308 pro
333 3215 465 3292 arbitrio
487 3215 665 3304 imponunt.
716 3215 800 3285 Nam
829 3220 1087 3304 quodquidam,
1122 3239 1159 3292 ut
1251 3245 1278 3265 -,

151 3326 235 3388 hanc
255 3343 372 3387 novam
393 3317 586 3382 locutionem
607 3329 771 3394 tueantur,
806 3320 891 3383 aiunt
920 3345 995 3386 casu
1023 3327 1159 3412 aliquem

153 3437 346 3512 aegrotare,
381 3420 437 3484 ubi
457 3420 568 3506 ignota
589 3433 636 3504 est
657 3421 730 3485 mali
759 3443 868 3499 causa,
909 3423 941 3488 id
961 3427 1074 3492 salsum
1097 3445 1158 3498 est.

154 3533 238 3596 Nam
259 3549 325 3592 uon
346 3527 389 3590 ita
410 3526 583 3608 loquuntur
603 3524 763 3600 homines,
793 3525 850 3590 uhi
871 3538 918 3590 est
939 3530 1065 3613 quidem
1086 3557 1162 3599 cau·
1209 3567 1211 3572 ·

156 3656 210 3715 sa,
245 3633 303 3698 sed
323 3628 398 3712 ipsis
420 3627 548 3712 ignotam
581 3629 637 3688 sed
666 3648 746 3709 quae
767 3641 878 3710 putant
898 3631 964 3695 sine
987 3635 1162 3704 causasibi

145 3736 320 3822 accidere,
356 3736 394 3814 de
420 3731 458 3796 iis
489 3751 579 3794 casus
600 3749 716 3792 nomen
736 3745 902 3813 usurpant.
947 3737 1059 3822 Neque
1087 3763 1162 3805 sane

158 3852 247 3905 recte
276 3839 397 3904 dicatur
426 3856 507 3920 casu
522 3832 682 3918 quippiam
705 3834 847 3899 evenisse
869 3837 924 3913 ubi
946 3860 1039 3904 causa
1060 3845 1163 3906 credi-

96 3979 98 3989 ·
161 3957 213 4024 tur
236 3963 322 4017 esse,
347 3942 406 4016 sed
424 3959 503 4023 quiae
526 3938 566 4005 sit
588 3935 767 4021 quaeritur:
792 3941 848 4002 sed
870 3945 958 4027 quod
979 3944 1048 4026 quis
1062 3937 1163 4013 credil
