<?xml version="1.0" encoding="UTF-8"?>
<!DOCTYPE html PUBLIC "-//W3C//DTD XHTML 1.0 Transitional//EN"
    "http://www.w3.org/TR/xhtml1/DTD/xhtml1-transitional.dtd">
<html xmlns="http://www.w3.org/1999/xhtml" xml:lang="en" lang="en">
 <head>
  <title>
</title>
<meta http-equiv="Content-Type" content="text/html;charset=utf-8" />
  <meta name='ocr-system' content='tesseract 3.04.00' />
  <meta name='ocr-capabilities' content='ocr_page ocr_carea ocr_par ocr_line ocrx_word'/>
</head>
<body>
  <div class='ocr_page' id='page_1' title='image "./alexandriaphrod00bardgoog_0345.png"; bbox 0 0 2774 4756; ppageno 0'>
   <div class='ocr_carea' id='block_1_1' title="bbox 950 375 1125 440">
    <p class='ocr_par' dir='ltr' id='par_1_1' title="bbox 950 375 1125 440">
     <span class='ocr_line' id='line_1_1' title="bbox 950 375 1125 440; baseline 0.006 -1"><span class='ocrx_word' id='word_1_1' title='bbox 950 411 958 428; x_wconf 91' lang='lat'><strong>·</strong></span> <span class='ocrx_word' id='word_1_2' title='bbox 1062 375 1125 440; x_wconf 79' lang='grc'><strong>322</strong></span> 
     </span>
    </p>
   </div>
   <div class='ocr_carea' id='block_1_2' title="bbox 107 545 1225 1257">
    <p class='ocr_par' dir='ltr' id='par_1_2' title="bbox 120 545 1003 646">
     <span class='ocr_line' id='line_1_2' title="bbox 120 545 1003 646; baseline -0.01 -21"><span class='ocrx_word' id='word_1_3' title='bbox 120 561 175 642; x_wconf 74' lang='grc'><strong>24)</strong></span> <span class='ocrx_word' id='word_1_4' title='bbox 200 554 222 640; x_wconf 83' lang='grc' dir='ltr'><strong><em>ἢ</em></strong></span> <span class='ocrx_word' id='word_1_5' title='bbox 243 552 289 625; x_wconf 71' lang='grc' dir='ltr'><strong>δι’</strong></span> <span class='ocrx_word' id='word_1_6' title='bbox 314 552 504 646; x_wconf 76' lang='grc' dir='ltr'><strong>ὀνείρων]</strong></span> <span class='ocrx_word' id='word_1_7' title='bbox 539 551 614 616; x_wconf 78' lang='lat' dir='ltr'><strong>Ald-</strong></span> <span class='ocrx_word' id='word_1_8' title='bbox 638 545 661 630; x_wconf 79' lang='grc' dir='ltr'>ῆ</span> <span class='ocrx_word' id='word_1_9' title='bbox 682 545 878 639; x_wconf 63' lang='lat' dir='ltr'><strong>&amp;donuinam</strong></span> <span class='ocrx_word' id='word_1_10' title='bbox 899 550 1003 616; x_wconf 82' lang='grc' dir='ltr'>τινῶν.</span> 
     </span>
    </p>

    <p class='ocr_par' dir='ltr' id='par_1_3' title="bbox 121 652 1122 942">
     <span class='ocr_line' id='line_1_3' title="bbox 121 652 1122 745; baseline -0.012 -17"><span class='ocrx_word' id='word_1_11' title='bbox 121 665 176 745; x_wconf 76' lang='grc'><strong>22)</strong></span> <span class='ocrx_word' id='word_1_12' title='bbox 204 661 328 729; x_wconf 81' lang='grc' dir='ltr'>τοῦτο</span> <span class='ocrx_word' id='word_1_13' title='bbox 364 653 596 737; x_wconf 86' lang='grc' dir='ltr'>συστῆσαι]</span> <span class='ocrx_word' id='word_1_14' title='bbox 623 653 820 735; x_wconf 76' lang='grc' dir='ltr'>συστῆσαι,</span> <span class='ocrx_word' id='word_1_15' title='bbox 853 655 939 736; x_wconf 90' lang='lat' dir='ltr'><strong>quod</strong></span> <span class='ocrx_word' id='word_1_16' title='bbox 961 656 1068 716; x_wconf 79' lang='lat' dir='ltr'><strong>aberat</strong></span> <span class='ocrx_word' id='word_1_17' title='bbox 1089 652 1122 718; x_wconf 90' lang='lat' dir='ltr'><strong>in</strong></span> 
     </span>
     <span class='ocr_line' id='line_1_4' title="bbox 206 757 1120 832; baseline -0.011 -2"><span class='ocrx_word' id='word_1_18' title='bbox 206 763 291 831; x_wconf 88' lang='lat' dir='ltr'><strong>Cod.</strong></span> <span class='ocrx_word' id='word_1_19' title='bbox 320 763 430 826; x_wconf 86' lang='lat' dir='ltr'><strong>Havn.</strong></span> <span class='ocrx_word' id='word_1_20' title='bbox 463 759 565 823; x_wconf 85' lang='lat' dir='ltr'><strong>addidi</strong></span> <span class='ocrx_word' id='word_1_21' title='bbox 593 779 633 820; x_wconf 83' lang='lat' dir='ltr'><strong>ex</strong></span> <span class='ocrx_word' id='word_1_22' title='bbox 655 757 781 819; x_wconf 79' lang='lat' dir='ltr'><strong>Aldina.</strong></span> <span class='ocrx_word' id='word_1_23' title='bbox 828 758 871 818; x_wconf 89' lang='lat' dir='ltr'><strong>Et</strong></span> <span class='ocrx_word' id='word_1_24' title='bbox 893 757 1042 832; x_wconf 89' lang='lat' dir='ltr'><strong>omnino,</strong></span> <span class='ocrx_word' id='word_1_25' title='bbox 1081 779 1120 820; x_wconf 86' lang='lat' dir='ltr'><strong>ne</strong></span> 
     </span>
     <span class='ocr_line' id='line_1_5' title="bbox 204 860 1121 942; baseline -0.012 -9"><span class='ocrx_word' id='word_1_26' title='bbox 204 864 356 932; x_wconf 77' lang='lat' dir='ltr'><strong>sententia</strong></span> <span class='ocrx_word' id='word_1_27' title='bbox 376 863 432 928; x_wconf 81' lang='lat' dir='ltr'><strong>fiat</strong></span> <span class='ocrx_word' id='word_1_28' title='bbox 452 883 561 925; x_wconf 80' lang='lat' dir='ltr'><strong>manna</strong></span> <span class='ocrx_word' id='word_1_29' title='bbox 582 872 614 923; x_wconf 86' lang='lat' dir='ltr'><strong>et</strong></span> <span class='ocrx_word' id='word_1_30' title='bbox 634 860 818 942; x_wconf 78' lang='lat' dir='ltr'><strong>imperfecta</strong></span> <span class='ocrx_word' id='word_1_31' title='bbox 840 861 1047 942; x_wconf 85' lang='lat' dir='ltr'><strong>supplendum</strong></span> <span class='ocrx_word' id='word_1_32' title='bbox 1069 860 1121 922; x_wconf 84' lang='lat' dir='ltr'><strong>vel</strong></span> 
     </span>
    </p>

    <p class='ocr_par' dir='ltr' id='par_1_4' title="bbox 127 962 1125 1051">
     <span class='ocr_line' id='line_1_6' title="bbox 127 962 1125 1051; baseline -0.01 -12"><span class='ocrx_word' id='word_1_33' title='bbox 127 1011 130 1018; x_wconf 70' lang='lat'>,</span> <span class='ocrx_word' id='word_1_34' title='bbox 206 970 387 1051; x_wconf 80' lang='grc' dir='ltr'>συστῆσαι,</span> <span class='ocrx_word' id='word_1_35' title='bbox 408 965 462 1030; x_wconf 86' lang='lat' dir='ltr'><strong>vel</strong></span> <span class='ocrx_word' id='word_1_36' title='bbox 483 967 570 1050; x_wconf 87' lang='lat' dir='ltr'><strong>quod</strong></span> <span class='ocrx_word' id='word_1_37' title='bbox 590 963 709 1026; x_wconf 85' lang='lat' dir='ltr'><strong>mavult</strong></span> <span class='ocrx_word' id='word_1_38' title='bbox 727 962 895 1038; x_wconf 84' lang='lat' dir='ltr'><strong>Blochius,</strong></span> <span class='ocrx_word' id='word_1_39' title='bbox 920 964 1030 1043; x_wconf 76' lang='grc' dir='ltr'>δεῖξαι.</span> <span class='ocrx_word' id='word_1_40' title='bbox 1052 963 1125 1044; x_wconf 85' lang='grc' dir='ltr'>(Ο.)</span> 
     </span>
    </p>

    <p class='ocr_par' dir='ltr' id='par_1_5' title="bbox 122 1053 1122 1160">
     <span class='ocr_line' id='line_1_7' title="bbox 122 1053 1122 1160; baseline -0.009 -21"><span class='ocrx_word' id='word_1_41' title='bbox 122 1075 178 1155; x_wconf 86' lang='grc'><strong>26)</strong></span> <span class='ocrx_word' id='word_1_42' title='bbox 203 1068 379 1160; x_wconf 83' lang='grc' dir='ltr'>Ὁρῶμευ</span> <span class='ocrx_word' id='word_1_43' title='bbox 398 1066 477 1159; x_wconf 82' lang='grc' dir='ltr'><strong>γὰρ</strong></span> <span class='ocrx_word' id='word_1_44' title='bbox 500 1060 554 1134; x_wconf 77' lang='grc' dir='ltr'><strong>ὅτι</strong></span> <span class='ocrx_word' id='word_1_45' title='bbox 575 1053 668 1134; x_wconf 69' lang='lat' dir='ltr'><strong>dove</strong></span> <span class='ocrx_word' id='word_1_46' title='bbox 697 1062 742 1131; x_wconf 88' lang='grc' dir='ltr'><strong>τὸ</strong></span> <span class='ocrx_word' id='word_1_47' title='bbox 763 1065 862 1155; x_wconf 73' lang='grc' dir='ltr'>πῦρ]</span> <span class='ocrx_word' id='word_1_48' title='bbox 905 1065 1004 1131; x_wconf 82' lang='lat' dir='ltr'><strong>Cons.</strong></span> <span class='ocrx_word' id='word_1_49' title='bbox 1028 1067 1122 1131; x_wconf 83' lang='lat' dir='ltr'><strong>Libr.</strong></span> 
     </span>
    </p>

    <p class='ocr_par' dir='ltr' id='par_1_6' title="bbox 107 1170 1225 1257">
     <span class='ocr_line' id='line_1_8' title="bbox 107 1170 1225 1257; baseline -0.009 -18"><span class='ocrx_word' id='word_1_50' title='bbox 107 1209 130 1238; x_wconf 86' lang='lat'><strong>·.</strong></span> <span class='ocrx_word' id='word_1_51' title='bbox 166 1219 170 1230; x_wconf 74' lang='lat'><strong><em>.</em></strong></span> <span class='ocrx_word' id='word_1_52' title='bbox 210 1177 248 1238; x_wconf 90' lang='lat' dir='ltr'><strong>de</strong></span> <span class='ocrx_word' id='word_1_53' title='bbox 270 1176 353 1239; x_wconf 84' lang='lat' dir='ltr'><strong>Fato</strong></span> <span class='ocrx_word' id='word_1_54' title='bbox 377 1170 460 1257; x_wconf 84' lang='lat' dir='ltr'><strong>Cap.</strong></span> <span class='ocrx_word' id='word_1_55' title='bbox 483 1172 548 1236; x_wconf 89' lang='lat' dir='ltr'><strong>IX.</strong></span> <span class='ocrx_word' id='word_1_56' title='bbox 593 1170 668 1251; x_wconf 88' lang='grc' dir='ltr'>(Ο.)</span> <span class='ocrx_word' id='word_1_57' title='bbox 1220 1171 1225 1182; x_wconf 61' lang='lat'><em>¹</em></span> 
     </span>
    </p>
   </div>
   <div class='ocr_carea' id='block_1_3' title="bbox 5 1264 1125 1367">
    <p class='ocr_par' dir='ltr' id='par_1_7' title="bbox 5 1264 1125 1367">
     <span class='ocr_line' id='line_1_9' title="bbox 5 1264 1125 1367; baseline -0.004 -22"><span class='ocrx_word' id='word_1_58' title='bbox 5 1301 7 1306; x_wconf 89' lang='lat'>·</span> <span class='ocrx_word' id='word_1_59' title='bbox 123 1280 178 1362; x_wconf 86' lang='grc'><strong>27)</strong></span> <span class='ocrx_word' id='word_1_60' title='bbox 206 1271 384 1367; x_wconf 78' lang='grc' dir='ltr'>μένοντά</span> <span class='ocrx_word' id='word_1_61' title='bbox 404 1301 447 1362; x_wconf 84' lang='grc' dir='ltr'><strong>γε</strong></span> <span class='ocrx_word' id='word_1_62' title='bbox 468 1270 603 1341; x_wconf 80' lang='grc' dir='ltr'>ταυτα</span> <span class='ocrx_word' id='word_1_63' title='bbox 624 1264 647 1338; x_wconf 74' lang='grc' dir='ltr'>ἅ</span> <span class='ocrx_word' id='word_1_64' title='bbox 669 1274 804 1355; x_wconf 79' lang='grc' dir='ltr'>ἐστιν]</span> <span class='ocrx_word' id='word_1_65' title='bbox 838 1273 890 1337; x_wconf 87' lang='lat' dir='ltr'><strong>Sic</strong></span> <span class='ocrx_word' id='word_1_66' title='bbox 912 1276 1029 1366; x_wconf 79' lang='lat' dir='ltr'><strong>optime</strong></span> <span class='ocrx_word' id='word_1_67' title='bbox 1052 1297 1125 1340; x_wconf 81' lang='lat' dir='ltr'><strong>con-</strong></span> 
     </span>
    </p>
   </div>
   <div class='ocr_carea' id='block_1_4' title="bbox 127 1374 1136 3292">
    <p class='ocr_par' dir='ltr' id='par_1_8' title="bbox 209 1374 1127 1465">
     <span class='ocr_line' id='line_1_10' title="bbox 209 1374 1127 1465; baseline -0.001 -19"><span class='ocrx_word' id='word_1_68' title='bbox 209 1382 294 1446; x_wconf 81' lang='lat' dir='ltr'>rexit</span> <span class='ocrx_word' id='word_1_69' title='bbox 315 1379 480 1448; x_wconf 73' lang='lat' dir='ltr'><strong>Bloelnus.</strong></span> <span class='ocrx_word' id='word_1_70' title='bbox 503 1376 590 1443; x_wconf 79' lang='lat' dir='ltr'><strong>cod.</strong></span> <span class='ocrx_word' id='word_1_71' title='bbox 612 1375 722 1440; x_wconf 83' lang='lat' dir='ltr'><strong>Havn.</strong></span> <span class='ocrx_word' id='word_1_72' title='bbox 746 1389 778 1440; x_wconf 87' lang='lat' dir='ltr'><strong>et</strong></span> <span class='ocrx_word' id='word_1_73' title='bbox 799 1377 932 1440; x_wconf 83' lang='lat' dir='ltr'>Aldinae</span> <span class='ocrx_word' id='word_1_74' title='bbox 952 1374 1127 1465; x_wconf 71' lang='grc' dir='ltr'>μὲυσυτάγε</span> 
     </span>
    </p>

    <p class='ocr_par' dir='ltr' id='par_1_9' title="bbox 131 1475 1127 1666">
     <span class='ocr_line' id='line_1_11' title="bbox 131 1475 1127 1563; baseline -0.007 -12"><span class='ocrx_word' id='word_1_75' title='bbox 131 1493 134 1500; x_wconf 86' lang='grc'><strong>’</strong></span> <span class='ocrx_word' id='word_1_76' title='bbox 163 1531 166 1541; x_wconf 70' lang='lat'><em>=</em></span> <span class='ocrx_word' id='word_1_77' title='bbox 212 1481 323 1552; x_wconf 75' lang='grc' dir='ltr'>ταυτα</span> <span class='ocrx_word' id='word_1_78' title='bbox 349 1486 445 1550; x_wconf 82' lang='grc' dir='ltr'>ἐστιν.</span> <span class='ocrx_word' id='word_1_79' title='bbox 474 1475 497 1548; x_wconf 73' lang='lat' dir='ltr'><strong>d</strong></span> <span class='ocrx_word' id='word_1_80' title='bbox 526 1483 710 1563; x_wconf 78' lang='lat' dir='ltr'><strong>absorptum</strong></span> <span class='ocrx_word' id='word_1_81' title='bbox 733 1482 934 1544; x_wconf 79' lang='lat' dir='ltr'><strong>abextnema</strong></span> <span class='ocrx_word' id='word_1_82' title='bbox 955 1481 1060 1544; x_wconf 79' lang='lat' dir='ltr'><strong>littera</strong></span> <span class='ocrx_word' id='word_1_83' title='bbox 1080 1483 1127 1544; x_wconf 92' lang='lat' dir='ltr'><strong>V.</strong></span> 
     </span>
     <span class='ocr_line' id='line_1_12' title="bbox 212 1583 445 1666; baseline -0.013 -12"><span class='ocrx_word' id='word_1_84' title='bbox 212 1583 329 1656; x_wconf 77' lang='grc' dir='ltr'>ταυτα.</span> <span class='ocrx_word' id='word_1_85' title='bbox 372 1587 445 1666; x_wconf 88' lang='grc'><strong>(0.)</strong></span> 
     </span>
    </p>

    <p class='ocr_par' dir='ltr' id='par_1_10' title="bbox 127 1687 1133 2086">
     <span class='ocr_line' id='line_1_13' title="bbox 127 1687 1130 1776; baseline -0.003 -18"><span class='ocrx_word' id='word_1_86' title='bbox 127 1694 186 1775; x_wconf 87' lang='grc'><strong>28)</strong></span> <span class='ocrx_word' id='word_1_87' title='bbox 212 1693 339 1759; x_wconf 81' lang='grc' dir='ltr'>τοῦτο</span> <span class='ocrx_word' id='word_1_88' title='bbox 367 1689 582 1776; x_wconf 78' lang='grc' dir='ltr'>ἐνδέχεται</span> <span class='ocrx_word' id='word_1_89' title='bbox 608 1693 767 1755; x_wconf 67' lang='lat' dir='ltr'><strong>nodilo</strong></span> <span class='ocrx_word' id='word_1_90' title='bbox 795 1689 881 1770; x_wconf 71' lang='lat' dir='ltr'><strong>ete]</strong></span> <span class='ocrx_word' id='word_1_91' title='bbox 925 1687 1011 1754; x_wconf 85' lang='lat' dir='ltr'><strong>Ante</strong></span> <span class='ocrx_word' id='word_1_92' title='bbox 1031 1689 1130 1756; x_wconf 78' lang='grc' dir='ltr'>τυῦτσ</span> 
     </span>
     <span class='ocr_line' id='line_1_14' title="bbox 212 1791 1127 1877; baseline -0.005 -18"><span class='ocrx_word' id='word_1_93' title='bbox 212 1795 336 1859; x_wconf 83' lang='lat' dir='ltr'><strong>videtur</strong></span> <span class='ocrx_word' id='word_1_94' title='bbox 358 1792 476 1877; x_wconf 81' lang='lat' dir='ltr'><strong>aliquid</strong></span> <span class='ocrx_word' id='word_1_95' title='bbox 497 1794 619 1855; x_wconf 78' lang='lat' dir='ltr'><strong>deesse.</strong></span> <span class='ocrx_word' id='word_1_96' title='bbox 650 1792 795 1868; x_wconf 79' lang='lat' dir='ltr'><strong>(Bloch.)</strong></span> <span class='ocrx_word' id='word_1_97' title='bbox 839 1791 947 1872; x_wconf 81' lang='lat' dir='ltr'><strong>Quid?</strong></span> <span class='ocrx_word' id='word_1_98' title='bbox 976 1793 1002 1856; x_wconf 86' lang='lat' dir='ltr'><strong>si</strong></span> <span class='ocrx_word' id='word_1_99' title='bbox 1022 1805 1127 1856; x_wconf 87' lang='lat' dir='ltr'><strong>totum</strong></span> 
     </span>
     <span class='ocr_line' id='line_1_15' title="bbox 210 1884 1133 1982; baseline -0.002 -19"><span class='ocrx_word' id='word_1_100' title='bbox 210 1897 317 1964; x_wconf 84' lang='lat' dir='ltr'><strong>locum</strong></span> <span class='ocrx_word' id='word_1_101' title='bbox 338 1898 381 1960; x_wconf 85' lang='lat' dir='ltr'><strong>ita</strong></span> <span class='ocrx_word' id='word_1_102' title='bbox 401 1897 543 1981; x_wconf 82' lang='lat' dir='ltr'><strong>legamus</strong></span> <span class='ocrx_word' id='word_1_103' title='bbox 557 1884 724 1960; x_wconf 81' lang='grc' dir='ltr'>Ἕκαστσυ</span> <span class='ocrx_word' id='word_1_104' title='bbox 742 1890 808 1982; x_wconf 77' lang='grc' dir='ltr'><strong>γὰρ</strong></span> <span class='ocrx_word' id='word_1_105' title='bbox 830 1889 953 1975; x_wconf 70' lang='lat' dir='ltr'><strong>durnin,</strong></span> <span class='ocrx_word' id='word_1_106' title='bbox 991 1891 1061 1961; x_wconf 83' lang='grc' dir='ltr'><strong>ὁῖσυ</strong></span> <span class='ocrx_word' id='word_1_107' title='bbox 1090 1892 1133 1962; x_wconf 83' lang='grc' dir='ltr'><strong>τὰ</strong></span> 
     </span>
     <span class='ocr_line' id='line_1_16' title="bbox 213 1991 1132 2086; baseline -0.001 -21"><span class='ocrx_word' id='word_1_108' title='bbox 213 1997 425 2084; x_wconf 80' lang='grc' dir='ltr'><strong>σίυτιυείμευα1</strong></span> <span class='ocrx_word' id='word_1_109' title='bbox 445 1993 563 2084; x_wconf 79' lang='grc' dir='ltr'>πάσχει</span> <span class='ocrx_word' id='word_1_110' title='bbox 589 2020 624 2062; x_wconf 87' lang='grc' dir='ltr'><strong>τε</strong></span> <span class='ocrx_word' id='word_1_111' title='bbox 651 2003 706 2062; x_wconf 69' lang='grc' dir='ltr'><strong>καὶ</strong></span> <span class='ocrx_word' id='word_1_112' title='bbox 732 1991 795 2082; x_wconf 84' lang='grc' dir='ltr'><strong>μῆ,</strong></span> <span class='ocrx_word' id='word_1_113' title='bbox 845 1999 943 2063; x_wconf 83' lang='grc' dir='ltr'>τοῦτο</span> <span class='ocrx_word' id='word_1_114' title='bbox 973 1999 1132 2086; x_wconf 77' lang='grc' dir='ltr'>ἐνδέχεται</span> 
     </span>
    </p>

    <p class='ocr_par' dir='ltr' id='par_1_11' title="bbox 185 2097 1132 2590">
     <span class='ocr_line' id='line_1_17' title="bbox 185 2097 1130 2192; baseline -0.007 -23"><span class='ocrx_word' id='word_1_115' title='bbox 185 2105 190 2118; x_wconf 75' lang='grc'><em>“</em></span> <span class='ocrx_word' id='word_1_116' title='bbox 213 2105 340 2168; x_wconf 75' lang='grc' dir='ltr'>παθεῖν</span> <span class='ocrx_word' id='word_1_117' title='bbox 360 2123 395 2192; x_wconf 82' lang='grc' dir='ltr'><strong>τε</strong></span> <span class='ocrx_word' id='word_1_118' title='bbox 415 2105 471 2164; x_wconf 83' lang='grc' dir='ltr'><strong>καὶ</strong></span> <span class='ocrx_word' id='word_1_119' title='bbox 491 2097 536 2185; x_wconf 85' lang='grc' dir='ltr'><strong>μῆ</strong></span> <span class='ocrx_word' id='word_1_120' title='bbox 558 2101 693 2165; x_wconf 69' lang='grc' dir='ltr'>παθεῖν.</span> <span class='ocrx_word' id='word_1_121' title='bbox 713 2097 986 2184; x_wconf 75' lang='lat' dir='ltr'><strong>Unumquodque</strong></span> <span class='ocrx_word' id='word_1_122' title='bbox 999 2121 1130 2179; x_wconf 86' lang='lat' dir='ltr'><strong>eorum,</strong></span> 
     </span>
     <span class='ocr_line' id='line_1_18' title="bbox 209 2201 1132 2290; baseline -0.004 -24"><span class='ocrx_word' id='word_1_123' title='bbox 209 2205 334 2290; x_wconf 71' lang='lat' dir='ltr'><strong>qualia</strong></span> <span class='ocrx_word' id='word_1_124' title='bbox 356 2205 516 2284; x_wconf 64' lang='lat' dir='ltr'><strong>opposita</strong></span> <span class='ocrx_word' id='word_1_125' title='bbox 542 2222 662 2265; x_wconf 82' lang='lat' dir='ltr'><strong>eorum</strong></span> <span class='ocrx_word' id='word_1_126' title='bbox 688 2204 767 2282; x_wconf 80' lang='lat' dir='ltr'><strong>poti</strong></span> <span class='ocrx_word' id='word_1_127' title='bbox 797 2209 938 2281; x_wconf 78' lang='lat' dir='ltr'><strong>possunt</strong></span> <span class='ocrx_word' id='word_1_128' title='bbox 966 2201 1017 2263; x_wconf 81' lang='lat' dir='ltr'><strong>vel</strong></span> <span class='ocrx_word' id='word_1_129' title='bbox 1045 2221 1132 2280; x_wconf 85' lang='lat' dir='ltr'><strong>non,</strong></span> 
     </span>
     <span class='ocr_line' id='line_1_19' title="bbox 209 2299 1132 2382; baseline 0 -18"><span class='ocrx_word' id='word_1_130' title='bbox 209 2303 300 2366; x_wconf 82' lang='lat' dir='ltr'><strong>tolio</strong></span> <span class='ocrx_word' id='word_1_131' title='bbox 320 2310 353 2366; x_wconf 81' lang='lat' dir='ltr'><strong>et</strong></span> <span class='ocrx_word' id='word_1_132' title='bbox 373 2304 484 2382; x_wconf 79' lang='lat' dir='ltr'><strong>ipsum</strong></span> <span class='ocrx_word' id='word_1_133' title='bbox 504 2303 583 2382; x_wconf 82' lang='lat' dir='ltr'><strong>poti</strong></span> <span class='ocrx_word' id='word_1_134' title='bbox 599 2310 708 2381; x_wconf 75' lang='lat' dir='ltr'><strong>potest</strong></span> <span class='ocrx_word' id='word_1_135' title='bbox 730 2299 781 2364; x_wconf 82' lang='lat' dir='ltr'><strong>vei</strong></span> <span class='ocrx_word' id='word_1_136' title='bbox 807 2319 875 2362; x_wconf 82' lang='lat' dir='ltr'><strong>non</strong></span> <span class='ocrx_word' id='word_1_137' title='bbox 895 2309 1014 2380; x_wconf 79' lang='lat' dir='ltr'><strong>potest.</strong></span> <span class='ocrx_word' id='word_1_138' title='bbox 1058 2300 1132 2379; x_wconf 86' lang='grc' dir='ltr'>(Ο.)</span> 
     </span>
     <span class='ocr_line' id='line_1_20' title="bbox 216 2401 1132 2485; baseline -0.001 -18"><span class='ocrx_word' id='word_1_139' title='bbox 216 2404 286 2467; x_wconf 87' lang='lat' dir='ltr'><strong>Imo</strong></span> <span class='ocrx_word' id='word_1_140' title='bbox 308 2423 370 2485; x_wconf 80' lang='lat' dir='ltr'><strong>pro</strong></span> <span class='ocrx_word' id='word_1_141' title='bbox 392 2401 491 2467; x_wconf 81' lang='grc' dir='ltr'>τοῦτο</span> <span class='ocrx_word' id='word_1_142' title='bbox 511 2401 678 2484; x_wconf 83' lang='lat' dir='ltr'><strong>legendum</strong></span> <span class='ocrx_word' id='word_1_143' title='bbox 707 2421 777 2464; x_wconf 81' lang='lat' dir='ltr'><strong>esse</strong></span> <span class='ocrx_word' id='word_1_144' title='bbox 801 2402 951 2466; x_wconf 80' lang='grc' dir='ltr'>τουτέστι</span> <span class='ocrx_word' id='word_1_145' title='bbox 973 2401 1070 2485; x_wconf 85' lang='lat' dir='ltr'><strong>liquet</strong></span> <span class='ocrx_word' id='word_1_146' title='bbox 1091 2425 1132 2466; x_wconf 82' lang='lat' dir='ltr'><strong>ex</strong></span> 
     </span>
     <span class='ocr_line' id='line_1_21' title="bbox 215 2503 843 2590; baseline -0.003 -21"><span class='ocrx_word' id='word_1_147' title='bbox 215 2505 387 2590; x_wconf 79' lang='lat' dir='ltr'><strong>interprete</strong></span> <span class='ocrx_word' id='word_1_148' title='bbox 410 2503 541 2568; x_wconf 83' lang='lat' dir='ltr'><strong>Latino.</strong></span> <span class='ocrx_word' id='word_1_149' title='bbox 586 2504 698 2583; x_wconf 77' lang='lat' dir='ltr'><strong>(Oanp</strong></span> <span class='ocrx_word' id='word_1_150' title='bbox 724 2505 843 2578; x_wconf 82' lang='lat' dir='ltr'><strong>Orell.)</strong></span> 
     </span>
    </p>

    <p class='ocr_par' dir='ltr' id='par_1_12' title="bbox 133 2603 1135 2700">
     <span class='ocr_line' id='line_1_22' title="bbox 133 2603 1135 2700; baseline 0.001 -25"><span class='ocrx_word' id='word_1_151' title='bbox 133 2611 187 2688; x_wconf 84' lang='grc'><strong>29)</strong></span> <span class='ocrx_word' id='word_1_152' title='bbox 214 2610 267 2700; x_wconf 78' lang='grc' dir='ltr'><strong>τῷ</strong></span> <span class='ocrx_word' id='word_1_153' title='bbox 288 2633 398 2674; x_wconf 83' lang='grc' dir='ltr'>κατα</span> <span class='ocrx_word' id='word_1_154' title='bbox 383 2605 690 2697; x_wconf 78' lang='grc' dir='ltr'>προαίρεσιν]</span> <span class='ocrx_word' id='word_1_155' title='bbox 727 2603 804 2666; x_wconf 83' lang='lat' dir='ltr'><strong>Ald</strong></span> <span class='ocrx_word' id='word_1_156' title='bbox 827 2603 891 2670; x_wconf 82' lang='grc' dir='ltr'><strong>τῶν</strong></span> <span class='ocrx_word' id='word_1_157' title='bbox 911 2604 998 2670; x_wconf 81' lang='grc' dir='ltr'>κατὰ</span> <span class='ocrx_word' id='word_1_158' title='bbox 1018 2611 1135 2697; x_wconf 79' lang='grc' dir='ltr'>προαί</span> 
     </span>
    </p>

    <p class='ocr_par' dir='ltr' id='par_1_13' title="bbox 142 2711 464 2799">
     <span class='ocr_line' id='line_1_23' title="bbox 142 2711 464 2799; baseline -0.023 -19"><span class='ocrx_word' id='word_1_159' title='bbox 142 2741 146 2748; x_wconf 92' lang='grc'><strong><em>·</em></strong></span> <span class='ocrx_word' id='word_1_160' title='bbox 220 2734 319 2799; x_wconf 66' lang='lat' dir='ltr'><strong>pennu.</strong></span> <span class='ocrx_word' id='word_1_161' title='bbox 362 2711 464 2776; x_wconf 77' lang='lat' dir='ltr'><strong>Mal&#39;e</strong></span> 
     </span>
    </p>

    <p class='ocr_par' dir='ltr' id='par_1_14' title="bbox 134 2807 1136 2926">
     <span class='ocr_line' id='line_1_24' title="bbox 134 2807 1136 2926; baseline 0.003 -48"><span class='ocrx_word' id='word_1_162' title='bbox 134 2817 189 2896; x_wconf 80' lang='grc'><strong>30)</strong></span> <span class='ocrx_word' id='word_1_163' title='bbox 219 2810 542 2882; x_wconf 72' lang='grc' dir='ltr'>διακόπτεσθαι</span> <span class='ocrx_word' id='word_1_164' title='bbox 562 2807 668 2926; x_wconf 67' lang='grc' dir='ltr'><strong>γαρ]</strong></span> <span class='ocrx_word' id='word_1_165' title='bbox 701 2823 754 2873; x_wconf 84' lang='lat' dir='ltr'><strong>aut</strong></span> <span class='ocrx_word' id='word_1_166' title='bbox 775 2813 941 2897; x_wconf 83' lang='lat' dir='ltr'><strong>legendum</strong></span> <span class='ocrx_word' id='word_1_167' title='bbox 964 2809 1136 2882; x_wconf 78' lang='grc' dir='ltr'>διακόπτε-</span> 
     </span>
    </p>

    <p class='ocr_par' dir='ltr' id='par_1_15' title="bbox 145 2911 1135 3112">
     <span class='ocr_line' id='line_1_25' title="bbox 145 2911 1135 3000; baseline -0.001 -16"><span class='ocrx_word' id='word_1_168' title='bbox 145 2954 149 2964; x_wconf 87' lang='grc'><em>·</em></span> <span class='ocrx_word' id='word_1_169' title='bbox 219 2941 293 2996; x_wconf 83' lang='grc' dir='ltr'>ται,</span> <span class='ocrx_word' id='word_1_170' title='bbox 316 2928 385 2994; x_wconf 81' lang='lat' dir='ltr'><strong>aut,</strong></span> <span class='ocrx_word' id='word_1_171' title='bbox 410 2917 497 3000; x_wconf 88' lang='lat' dir='ltr'><strong>quod</strong></span> <span class='ocrx_word' id='word_1_172' title='bbox 519 2913 618 2999; x_wconf 82' lang='lat' dir='ltr'><strong>magis</strong></span> <span class='ocrx_word' id='word_1_173' title='bbox 640 2915 744 2996; x_wconf 85' lang='lat' dir='ltr'><strong>planet</strong></span> <span class='ocrx_word' id='word_1_174' title='bbox 757 2928 832 2998; x_wconf 86' lang='lat' dir='ltr'><strong>post</strong></span> <span class='ocrx_word' id='word_1_175' title='bbox 846 2911 1005 2994; x_wconf 64' lang='lat' dir='ltr'><strong>nonnam</strong></span> <span class='ocrx_word' id='word_1_176' title='bbox 1020 2921 1135 2983; x_wconf 87' lang='lat' dir='ltr'><strong>adden-</strong></span> 
     </span>
     <span class='ocr_line' id='line_1_26' title="bbox 219 3018 564 3112; baseline -0.006 -28"><span class='ocrx_word' id='word_1_177' title='bbox 219 3023 292 3084; x_wconf 77' lang='lat' dir='ltr'><strong>diun</strong></span> <span class='ocrx_word' id='word_1_178' title='bbox 314 3022 447 3112; x_wconf 76' lang='grc' dir='ltr'>πέφυκε.</span> <span class='ocrx_word' id='word_1_179' title='bbox 491 3018 564 3098; x_wconf 90' lang='grc' dir='ltr'>(Ο.)</span> 
     </span>
    </p>

    <p class='ocr_par' dir='ltr' id='par_1_16' title="bbox 136 3115 1136 3205">
     <span class='ocr_line' id='line_1_27' title="bbox 136 3115 1136 3205; baseline -0.007 -17"><span class='ocrx_word' id='word_1_180' title='bbox 136 3126 191 3205; x_wconf 81' lang='grc'><strong>31)</strong></span> <span class='ocrx_word' id='word_1_181' title='bbox 219 3115 502 3199; x_wconf 75' lang='grc' dir='ltr'>συυιστᾶσαυ]</span> <span class='ocrx_word' id='word_1_182' title='bbox 548 3121 601 3184; x_wconf 85' lang='lat' dir='ltr'><strong>Sin</strong></span> <span class='ocrx_word' id='word_1_183' title='bbox 622 3121 698 3183; x_wconf 88' lang='lat' dir='ltr'><strong>Ald.</strong></span> <span class='ocrx_word' id='word_1_184' title='bbox 722 3133 820 3184; x_wconf 80' lang='lat' dir='ltr'><strong>recte.</strong></span> <span class='ocrx_word' id='word_1_185' title='bbox 844 3119 930 3186; x_wconf 81' lang='lat' dir='ltr'><strong>con.</strong></span> <span class='ocrx_word' id='word_1_186' title='bbox 948 3123 1054 3187; x_wconf 82' lang='lat' dir='ltr'><strong>Havn.</strong></span> <span class='ocrx_word' id='word_1_187' title='bbox 1080 3148 1136 3193; x_wconf 78' lang='grc' dir='ltr'><strong>συ.</strong></span> 
     </span>
    </p>

    <p class='ocr_par' dir='ltr' id='par_1_17' title="bbox 146 3248 359 3292">
     <span class='ocr_line' id='line_1_28' title="bbox 146 3248 359 3292; baseline -0.009 0"><span class='ocrx_word' id='word_1_188' title='bbox 146 3253 150 3258; x_wconf 69' lang='grc'>’</span> <span class='ocrx_word' id='word_1_189' title='bbox 222 3248 359 3292; x_wconf 89' lang='grc' dir='ltr'>στασαυ.</span> 
     </span>
    </p>
   </div>
   <div class='ocr_carea' id='block_1_5' title="bbox 137 3313 1138 3414">
    <p class='ocr_par' dir='ltr' id='par_1_18' title="bbox 137 3313 1138 3414">
     <span class='ocr_line' id='line_1_29' title="bbox 137 3313 1138 3414; baseline 0.003 -20"><span class='ocrx_word' id='word_1_190' title='bbox 137 3331 193 3410; x_wconf 82' lang='grc'><strong>32)</strong></span> <span class='ocrx_word' id='word_1_191' title='bbox 215 3313 472 3412; x_wconf 73' lang='grc' dir='ltr'><strong><em>Ηθοςγάρ]</em></strong></span> <span class='ocrx_word' id='word_1_192' title='bbox 498 3327 582 3390; x_wconf 79' lang='lat' dir='ltr'><strong>Vide</strong></span> <span class='ocrx_word' id='word_1_193' title='bbox 604 3328 699 3391; x_wconf 76' lang='lat' dir='ltr'><strong>ler</strong></span> <span class='ocrx_word' id='word_1_194' title='bbox 723 3329 761 3391; x_wconf 87' lang='lat' dir='ltr'><strong>de</strong></span> <span class='ocrx_word' id='word_1_195' title='bbox 784 3327 931 3394; x_wconf 79' lang='lat' dir='ltr'><strong>Fatoc</strong></span> <span class='ocrx_word' id='word_1_196' title='bbox 955 3330 1138 3414; x_wconf 86' lang='lat' dir='ltr'>v1.(0.)</span> 
     </span>
    </p>
   </div>
   <div class='ocr_carea' id='block_1_6' title="bbox 13 3434 1139 3629">
    <p class='ocr_par' dir='ltr' id='par_1_19' title="bbox 13 3434 1138 3629">
     <span class='ocr_line' id='line_1_30' title="bbox 138 3434 1138 3566; baseline 0.002 -60"><span class='ocrx_word' id='word_1_197' title='bbox 138 3441 193 3566; x_wconf 90' lang='grc'><strong>33)</strong></span> <span class='ocrx_word' id='word_1_198' title='bbox 221 3463 299 3506; x_wconf 79' lang='grc' dir='ltr'><strong>των</strong></span> <span class='ocrx_word' id='word_1_199' title='bbox 318 3443 390 3528; x_wconf 86' lang='grc' dir='ltr'><strong>μυ</strong></span> <span class='ocrx_word' id='word_1_200' title='bbox 410 3463 487 3527; x_wconf 79' lang='grc' dir='ltr'><strong>γαρ</strong></span> <span class='ocrx_word' id='word_1_201' title='bbox 510 3434 733 3530; x_wconf 75' lang='grc' dir='ltr'>αψιιιαχωυ</span> <span class='ocrx_word' id='word_1_202' title='bbox 755 3451 817 3504; x_wconf 84' lang='lat' dir='ltr'><strong>ete.</strong></span> <span class='ocrx_word' id='word_1_203' title='bbox 825 3441 841 3520; x_wconf 93' lang='lat'>]</span> <span class='ocrx_word' id='word_1_204' title='bbox 864 3437 970 3506; x_wconf 87' lang='lat' dir='ltr'><strong>Cum</strong></span> <span class='ocrx_word' id='word_1_205' title='bbox 960 3464 992 3504; x_wconf 78' lang='lat' dir='ltr'><strong>ln</strong></span> <span class='ocrx_word' id='word_1_206' title='bbox 1008 3440 1138 3508; x_wconf 88' lang='lat' dir='ltr'><strong>Codicis</strong></span> 
     </span>
     <span class='ocr_line' id='line_1_31' title="bbox 13 3540 1139 3629; baseline 0.003 -21"><span class='ocrx_word' id='word_1_207' title='bbox 13 3558 16 3564; x_wconf 83' lang='grc'>’</span> <span class='ocrx_word' id='word_1_208' title='bbox 223 3543 333 3608; x_wconf 88' lang='lat' dir='ltr'><strong>Havn.</strong></span> <span class='ocrx_word' id='word_1_209' title='bbox 358 3540 499 3626; x_wconf 85' lang='lat' dir='ltr'><strong>margine</strong></span> <span class='ocrx_word' id='word_1_210' title='bbox 522 3552 553 3603; x_wconf 90' lang='lat' dir='ltr'><strong>et</strong></span> <span class='ocrx_word' id='word_1_211' title='bbox 575 3541 709 3605; x_wconf 85' lang='lat' dir='ltr'><strong>editione</strong></span> <span class='ocrx_word' id='word_1_212' title='bbox 732 3543 846 3605; x_wconf 83' lang='lat' dir='ltr'><strong>Aldina</strong></span> <span class='ocrx_word' id='word_1_213' title='bbox 867 3546 974 3627; x_wconf 87' lang='lat' dir='ltr'><strong>paullo</strong></span> <span class='ocrx_word' id='word_1_214' title='bbox 996 3559 1072 3629; x_wconf 83' lang='lat' dir='ltr'><strong>post</strong></span> <span class='ocrx_word' id='word_1_215' title='bbox 1090 3570 1139 3612; x_wconf 88' lang='lat' dir='ltr'><strong>se-</strong></span> 
     </span>
    </p>
   </div>
   <div class='ocr_carea' id='block_1_7' title="bbox 148 3639 1140 3841">
    <p class='ocr_par' dir='ltr' id='par_1_20' title="bbox 148 3639 1140 3841">
     <span class='ocr_line' id='line_1_32' title="bbox 148 3639 1140 3738; baseline 0.01 -32"><span class='ocrx_word' id='word_1_216' title='bbox 148 3694 150 3700; x_wconf 93' lang='lat'><em>.</em></span> <span class='ocrx_word' id='word_1_217' title='bbox 225 3658 339 3730; x_wconf 77' lang='lat' dir='ltr'><strong>quanin</strong></span> <span class='ocrx_word' id='word_1_218' title='bbox 368 3667 450 3723; x_wconf 85' lang='grc' dir='ltr'>αυτη</span> <span class='ocrx_word' id='word_1_219' title='bbox 480 3639 542 3731; x_wconf 64' lang='lat' dir='ltr'><strong>yon</strong></span> <span class='ocrx_word' id='word_1_220' title='bbox 569 3645 743 3732; x_wconf 74' lang='grc' dir='ltr'>ιἰιαρμέυη</span> <span class='ocrx_word' id='word_1_221' title='bbox 766 3670 799 3711; x_wconf 82' lang='grc' dir='ltr'><strong>τε</strong></span> <span class='ocrx_word' id='word_1_222' title='bbox 822 3651 877 3712; x_wconf 84' lang='grc' dir='ltr'><strong>καὶ</strong></span> <span class='ocrx_word' id='word_1_223' title='bbox 897 3672 1000 3738; x_wconf 76' lang='grc' dir='ltr'>ιρυσις</span> <span class='ocrx_word' id='word_1_224' title='bbox 1021 3645 1140 3727; x_wconf 63' lang='lat' dir='ltr'><strong>’doun</strong></span> 
     </span>
     <span class='ocr_line' id='line_1_33' title="bbox 154 3745 1139 3841; baseline 0.005 -29"><span class='ocrx_word' id='word_1_225' title='bbox 154 3771 158 3780; x_wconf 87' lang='grc'>’</span> <span class='ocrx_word' id='word_1_226' title='bbox 226 3749 377 3813; x_wconf 84' lang='lat' dir='ltr'><strong>Blochius</strong></span> <span class='ocrx_word' id='word_1_227' title='bbox 412 3759 442 3810; x_wconf 82' lang='lat' dir='ltr'><strong>et</strong></span> <span class='ocrx_word' id='word_1_228' title='bbox 470 3745 521 3808; x_wconf 88' lang='lat' dir='ltr'><strong>hie</strong></span> <span class='ocrx_word' id='word_1_229' title='bbox 555 3747 752 3810; x_wconf 84' lang='lat' dir='ltr'><strong>scribendum</strong></span> <span class='ocrx_word' id='word_1_230' title='bbox 782 3751 900 3813; x_wconf 79' lang='lat' dir='ltr'><strong>censuit</strong></span> <span class='ocrx_word' id='word_1_231' title='bbox 931 3752 975 3840; x_wconf 78' lang='grc' dir='ltr'><strong>τῷ</strong></span> <span class='ocrx_word' id='word_1_232' title='bbox 995 3758 1035 3837; x_wconf 78' lang='grc' dir='ltr'><strong>μὲ</strong></span> <span class='ocrx_word' id='word_1_233' title='bbox 1038 3776 1054 3817; x_wconf 89' lang='grc' dir='ltr'>υ</span> <span class='ocrx_word' id='word_1_234' title='bbox 1075 3750 1139 3841; x_wconf 74' lang='grc' dir='ltr'><strong>γὰρ</strong></span> 
     </span>
    </p>
   </div>
   <div class='ocr_carea' id='block_1_8' title="bbox 224 3845 1140 4039">
    <p class='ocr_par' dir='ltr' id='par_1_21' title="bbox 224 3845 1140 4039">
     <span class='ocr_line' id='line_1_34' title="bbox 225 3845 1140 3943; baseline -0.001 -26"><span class='ocrx_word' id='word_1_235' title='bbox 225 3847 385 3943; x_wconf 58' lang='lat' dir='ltr'><strong>donanim)</strong></span> <span class='ocrx_word' id='word_1_236' title='bbox 415 3857 468 3916; x_wconf 83' lang='grc' dir='ltr'><strong>καὶ</strong></span> <span class='ocrx_word' id='word_1_237' title='bbox 502 3845 729 3940; x_wconf 73' lang='grc' dir='ltr'>φιλοκιυὸυυῳ.</span> <span class='ocrx_word' id='word_1_238' title='bbox 784 3853 845 3914; x_wconf 83' lang='lat' dir='ltr'><strong>Sed</strong></span> <span class='ocrx_word' id='word_1_239' title='bbox 880 3854 966 3916; x_wconf 87' lang='lat' dir='ltr'><strong>nolui</strong></span> <span class='ocrx_word' id='word_1_240' title='bbox 998 3856 1140 3937; x_wconf 81' lang='lat' dir='ltr'><strong>equidem</strong></span> 
     </span>
     <span class='ocr_line' id='line_1_35' title="bbox 224 3951 1140 4039; baseline 0.003 -20"><span class='ocrx_word' id='word_1_241' title='bbox 224 3955 385 4039; x_wconf 62' lang='lat' dir='ltr'><strong>inligatam</strong></span> <span class='ocrx_word' id='word_1_242' title='bbox 412 3966 531 4016; x_wconf 76' lang='lat' dir='ltr'><strong>mutare</strong></span> <span class='ocrx_word' id='word_1_243' title='bbox 560 3951 664 4020; x_wconf 75' lang='lat' dir='ltr'><strong>invitis</strong></span> <span class='ocrx_word' id='word_1_244' title='bbox 688 3952 794 4020; x_wconf 87' lang='lat' dir='ltr'><strong>Codd.</strong></span> <span class='ocrx_word' id='word_1_245' title='bbox 818 3975 909 4039; x_wconf 78' lang='lat' dir='ltr'><strong>quem</strong></span> <span class='ocrx_word' id='word_1_246' title='bbox 938 3969 968 4022; x_wconf 84' lang='lat' dir='ltr'><strong>ot</strong></span> <span class='ocrx_word' id='word_1_247' title='bbox 991 3957 1140 4030; x_wconf 79' lang='lat' dir='ltr'><strong>Caninius</strong></span> 
     </span>
    </p>
   </div>
   <div class='ocr_carea' id='block_1_9' title="bbox 0 0 1411 4756">
    <p class='ocr_par' dir='ltr' id='par_1_22' title="bbox 0 0 1411 4756">
     <span class='ocr_line' id='line_1_36' title="bbox 0 0 1411 4756; baseline 0 0"><span class='ocrx_word' id='word_1_248' title='bbox 0 0 1411 4756; x_wconf 95' lang='lat' dir='ltr'><strong> </strong></span> 
     </span>
    </p>
   </div>
  </div>
 </body>
</html>
