2804 4762
1093 422 1132 484 ld

130 595 172 657 ab
201 586 356 656 animante
377 581 547 655 secundum
573 591 748 655 animantis.
792 589 910 654 Diermt
928 591 1036 654 deinde
1057 591 1133 654 nibil

132 719 245 760 corma
268 716 347 778 quae
373 694 473 770 fiunt,
498 697 668 757 sectmdum
686 694 850 777 propriam
869 693 1019 778 cuiusque
1041 706 1133 756 natu·

131 821 200 862 ram
230 799 322 862 aliter
347 818 381 860 se
403 799 520 860 habere
542 818 654 879 posse,
689 800 744 859 sed
764 797 900 880 quidrpte
918 817 1028 859 eorum
1053 817 1133 878 qnae

130 903 212 964 liunt
234 923 253 964 a
278 921 314 962 re
336 921 460 984 quaque
484 899 554 965 fieri
578 899 775 974 necessarie,
808 922 873 962 non
897 912 1000 962 tamen
1020 921 1057 962 ea
1078 920 1133 961 ne·

131 1003 298 1078 cessitate,
323 1025 403 1084 quae
425 1016 474 1066 est
488 1026 548 1087 per
570 1003 767 1078 violentiam,
792 1005 847 1066 sed
869 1003 940 1086 quia
954 1005 1041 1085 quod
1058 1023 1134 1066 evc-

129 1105 195 1182 nit,
227 1127 292 1169 non
317 1105 422 1188 potuit
448 1127 512 1170 non
537 1105 686 1181 evenire,
721 1121 761 1168 eo
779 1105 851 1187 ipso
868 1107 955 1188 quod
977 1127 1047 1168 cum
1072 1104 1134 1177 eir·¹

131 1208 318 1272 eumstantia
339 1218 442 1270 essent
463 1208 559 1285 talia,
582 1229 647 1273 non
665 1207 769 1290 potuit
787 1229 851 1270 non
873 1209 912 1268 ab
934 1207 978 1269 eis
1001 1207 1134 1273 ciretun·

130 1309 199 1372 sisti
221 1332 259 1372 ac
280 1308 414 1392 proinde
436 1331 495 1374 nec
517 1311 608 1374 aliter
630 1322 661 1373 et
683 1331 748 1372 non
770 1309 816 1372 sic
841 1308 983 1372 moveri:
1020 1311 1134 1392 Neque

132 1412 215 1476 enim
233 1413 368 1495 lapidem
389 1412 416 1476 si
438 1416 476 1476 de
497 1413 621 1478 sublimi
638 1413 769 1476 iaciatur
785 1432 881 1495 posse
901 1433 966 1474 non
979 1409 1064 1480 ferri,
1079 1413 1134 1474 de-

130 1537 259 1594 orsum,
297 1516 324 1580 si
352 1513 429 1578 nihil
453 1516 623 1598 impediat,
660 1515 805 1579 nimirum
838 1513 911 1597 quia
939 1513 1018 1596 lapis
1046 1513 1135 1577 inse

131 1619 321 1703 gravitatem
350 1619 463 1695 habet,
498 1618 549 1682 cui
573 1622 743 1682 seeundum
770 1630 917 1682 naturum
941 1618 1074 1700 propria
1095 1616 1134 1680 sit

130 1720 286 1786 eiusmodi
312 1720 435 1797 motio,
470 1720 519 1786 uti
548 1722 639 1786 etiam
665 1733 814 1787 externae
847 1742 958 1788 causae
990 1723 1029 1784 ad
1053 1722 1135 1784 hanc

130 1825 301 1886 seeundum
322 1835 464 1888 naturam
489 1825 661 1892 motionem
686 1824 781 1908 lapidi
801 1825 1013 1907 opitulentur,
1051 1823 1138 1906 lapi·'

131 1929 203 1990 dem
217 1927 397 1992 necessario
416 1926 458 1998 ita
469 1927 563 2006 ferri,
587 1941 621 1992 ut
632 1940 722 1999 nattis
737 1939 785 1992 est
801 1928 897 2004 ferri,
922 1940 954 1991 et
966 1939 1132 2010 practerea

131 2029 239 2094 itidem
263 2051 306 2092 ex
329 2031 514 2094 necessitate
538 2035 645 2096 adesse
670 2032 700 2096 ei
720 2051 829 2094 causas
851 2031 943 2108 alias,
974 2052 1033 2112 per
1055 2051 1133 2114 quas

130 2144 208 2196 tunc
223 2134 393 2210 movetur,
416 2134 460 2199 ita
480 2144 516 2196 ut
539 2133 600 2196 illis
619 2135 838 2198 accedentibus
863 2155 927 2198 non
949 2132 1051 2215 possit
1067 2155 1133 2197 non

131 2235 274 2312 moveri,
307 2236 377 2320 imo
404 2259 446 2300 ex
466 2237 651 2318 necessitate
679 2249 755 2300 tunc
782 2228 965 2313 moveatur,
999 2235 1132 2319 fierique

130 2339 213 2400 hanc
234 2339 405 2404 motionem
430 2361 448 2402 a
470 2341 553 2404 Fato
575 2363 634 2424 per
655 2341 802 2423 lapidem.
846 2341 991 2404 Eandem
1016 2360 1084 2404 csse
1102 2350 1134 2404 et

129 2440 162 2504 in
177 2441 245 2506 aliis
260 2445 355 2504 rebus
370 2443 536 2508 rationem.
575 2445 662 2508 Sicut
675 2457 778 2510 autem
791 2465 843 2510 res
861 2464 896 2508 se
909 2444 1006 2508 habet
1019 2441 1051 2510 iu
1066 2442 1133 2506 ani&

131 2566 201 2608 mae
230 2545 435 2630 expertibus,
461 2547 543 2630 pari
566 2551 667 2611 modo
687 2569 754 2610 eam
780 2567 823 2620 se,
838 2549 956 2610 habere
978 2545 1134 2610 dicuntia

132 2648 297 2726 arrianatis,
330 2650 448 2732 quippe
469 2661 500 2715 et
521 2650 726 2736 animantibus
749 2653 902 2734 quandam
929 2670 997 2712 csse
1022 2669 1133 2712 secun-

118 2753 207 2814 -dum
227 2765 372 2832 naturam
392 2753 581 2830 motionem,
612 2776 680 2820 eam
697 2753 842 2818 nimirum
865 2775 949 2836 quae,
962 2752 998 2816 fir
1015 2773 1056 2814 ex
1071 2773 1134 2834 tap-

132 2856 253 2937 petitu3
298 2877 391 2920 omne
413 2855 494 2920 euim
516 2857 675 2933 animans,
700 2859 787 2941 quod
810 2869 846 2920 ut
867 2855 1003 2920 animans
1024 2877 1134 2920 move·

120 2969 196 3036 un,
220 2960 345 3024 moveri
364 2981 401 3022 ea
417 2959 540 3024 ratione
560 2982 640 3045 quae
663 2971 718 3022 est·
732 2982 773 3022 ex
795 2959 953 3044 appetitus
975 2959 1057 3022 hauc
1078 2979 1133 3022 au·

132 3073 196 3126 tem
211 3083 281 3126 esse
296 3062 487 3141 motionem,
511 3086 590 3147 quae
608 3065 719 3127 aFato
736 3063 792 3126 fiat
809 3084 868 3145 per
885 3063 968 3126 istud
982 3061 1133 3128 animans.

134 3166 225 3247 Quae
244 3187 315 3228 eum
332 3165 377 3233 ita
393 3188 428 3230 se
442 3169 594 3244 habeant,
618 3167 756 3249 fiantque
775 3167 890 3230 aFato
910 3187 968 3248 per
984 3168 1047 3229 hoe
1065 3165 1134 3228 uni·

122 3287 263 3346 ¹versum
278 3268 433 3332 motiones
452 3271 713 3354 operationesque
736 3268 862 3346 variae,¹
887 3263 964 3332 aliae
985 3269 1016 3332 in
1042 3271 1133 3344 aere,
1181 3331 1187 3352 ,

118 3372 213 3436 ¹aliae
235 3373 269 3443 in¹
289 3372 385 3458 igne,
422 3372 499 3436 aliae
524 3374 556 3436 in
581 3395 616 3438 re
643 3374 724 3447 alia3
757 3372 828 3435 fieri
853 3374 1001 3454 quasdam
1023 3383 1055 3432 et
1075 3393 1134 3452 per
1188 3377 1190 3384 '

132 3476 323 3554 animantia,
364 3476 471 3560 quales
501 3488 583 3566 sunt¹
598 3478 754 3540 motiones
788 3496 827 3538 ex
857 3473 1009 3556 appetitu.
1057 3476 1133 3546 ‚Has

119 3601 214 3645 .vero
233 3580 392 3644 motiones
418 3602 498 3664 quae
521 3603 539 3643 a
558 3581 640 3642 Fato
661 3581 739 3642 fiunt
753 3600 812 3661 per
833 3578 1014 3653 animantia,
1028 3611 1033 3623 ‹·
1051 3578 1136 3656 aiunt

130 3681 178 3746 illi
189 3705 259 3746 csse
273 3684 305 3746 in
321 3685 519 3758 animantium
537 3695 712 3765 potestate:
735 3682 866 3765 parique
882 3684 977 3746 modo
988 3684 1081 3764 ,quod
1096 3683 1134 3744 ad

134 3788 355 3850 necessitatem
366 3787 493 3864 attinet,
517 3787 604 3862 lieri,
629 3785 784 3849 motiones
796 3786 870 3848 istas
883 3807 953 3848 cnm
971 3806 1012 3848 cx
1025 3805 1135 3847 neees-

133 3890 224 3954 sitate
252 3891 343 3954 etiam
370 3913 480 3956 causae
508 3903 655 3954 externae
682 3902 756 3952 tunc
782 3889 899 3965 adsint,
938 3887 1134 3968 ita-utipsa

133 3993 300 4058 animantia
327 4015 386 4076 per
414 4013 447 4056 se
475 4006 505 4056 et
534 4017 574 4058 ex
587 3993 739 4076 appetitu
764 3992 1083 4066 istammotionem,
1106 4001 1137 4052 et
