2758 4760
256 389 296 456 88

254 553 349 646 μεῖόν
370 561 480 640 ἐστιν,
502 553 571 626 ἄλλ’
597 552 768 644 άγαπητόν
790 560 846 624 ἕνα
868 579 934 623 που
955 557 1070 643 λαβεῖν
1089 554 1140 637 ⁸⁰)
1162 556 1272 624 τοιαῦ-

256 686 335 742 τον,
365 652 403 740 ός
424 657 464 728 δι’
490 655 657 742 άσκὴσεώς
677 683 712 725 τε
733 664 788 726 καλ
810 659 1027 736 διδασκαλίας
1048 659 1192 725 δείκνυσι
1212 655 1273 740 τὴν

256 766 322 830 τῶν
343 758 533 853 άνθρώπων
553 759 637 852 πρὸς
658 757 703 826 τά
723 758 811 827 ἄλλα
833 763 901 842 ζῶα
915 757 1061 854 φυσικὴν
1074 760 1269 842 πλεονεξίαν,

256 861 295 933 δι’
330 860 434 932 άυτοῦ
462 867 658 956 προςτιθεὶς
673 911 676 916 -
689 861 728 929 τὸ
757 859 940 950 άναγκαίον
967 865 1075 930 ἐνδέον
1108 858 1198 950 ἡμῶν
1228 865 1269 957 τῇ

256 962 376 1061 φύσει,
416 963 474 1033 διά
499 969 598 1032 τοῦτο
621 962 670 1059 ἐφ’
693 960 772 1051 ἡμῖν
792 966 824 1032 τι’
844 963 880 1002 ²⁰
895 967 927 1045 a)
952 966 1041 1031 ἐστιν
1061 958 1083 1047 ἦ
1105 966 1170 1031 τῶν
1191 960 1268 1052 άρε-
1301 1002 1303 1006 ·

255 1071 319 1137 τῶν
341 1069 475 1151 κτῆσις,
512 1074 567 1135 καὶ
596 1065 657 1136 οὐκ
685 1065 863 1158 άγρηστσι,
897 1063 973 1134 άάτε
1000 1063 1109 1155 μάτην
1139 1061 1214 1135 ὀάτε
1236 1071 1270 1134 υἱ

255 1171 405 1252 ἔπαινοι,
428 1161 502 1238 ὀότε
518 1175 550 1238 οἱ
563 1166 686 1265 ψόγοι,
707 1167 783 1238 οὐτε
804 1174 841 1237 αλ
861 1166 945 1262 πρὸς
965 1172 1096 1255 βέλτιον
1116 1168 1164 1252 ²¹)
1184 1195 1268 1262 προ-

255 1280 421 1394 τροπαὶ,
434 1269 511 1340 οὐθ’
540 1269 562 1356 ἡ
590 1269 648 1342 διά
675 1274 740 1340 τῶν
766 1268 944 1359 βελτιόνων
971 1274 1063 1340 ἐθῶν
1083 1270 1170 1340 κατά
1190 1270 1269 1352 τοὺς

257 1372 381 1469 νόμους
402 1371 524 1463 άγωγη.
571 1377 644 1442 Τῶν
664 1381 725 1462 μέν
745 1373 810 1466 γάρ
833 1371 933 1468 φάσει
953 1381 1040 1442 τισὶν
1053 1371 1269 1464 ὑπαρχόντων

256 1474 389 1547 οὐδέν’
318 1474 479 1546 ἐοῐόντε
501 1471 566 1544 ὑπό
587 1501 677 1555 τινος
698 1477 804 1556 ἔθους
824 1473 960 1544 άλλοῐον
980 1482 1152 1564 γενέσθαι.
1200 1475 1269 1568 Οὐχ

131 1663 140 1678 ν
206 1635 211 1639 .
257 1577 343 1648 όότω
371 1574 533 1657 πολλάκις
560 1576 600 1645 τὸ
628 1575 784 1671 βάρος”
745 1603 839 1698 εχομ
870 1576 1189 1674 άναρῥιφθήσεται,
1224 1577 1270 1660 ώς

257 1685 447 1765 ἐθισθῆναι
469 1679 555 1748 κατά
576 1679 636 1764 τὴν
657 1678 761 1750 άυτοῶ
782 1678 885 1776 φύσιν
906 1680 974 1751 άνω
996 1688 1185 1777 φέρεσθαι·
1223 1682 1268 1752 τά

162 1779 169 1792 ’
256 1789 292 1852 δὲ
314 1783 390 1868 ἤθη
411 1780 686 1875 τῶνάνθρώπων
707 1782 792 1852 τοιά.
810 1792 867 1852 καὶ
888 1783 966 1852 τοιά
987 1783 1045 1853 διά
1065 1788 1130 1854 τῶν
1150 1789 1270 1880 ὃιαφε·

257 1883 382 1978 ρόντων
403 1889 496 1956 ἐθῶν
515 1889 665 1975 γίνεται,
695 1895 752 1955 καλ
773 1891 824 1956 ἐπὶ
844 1895 905 1976 μὲν
927 1889 992 1956 τῶν
1013 1884 1112 1981 φύσει
1133 1887 1270 1980 πρώτας

257 1988 318 2070 τάς
339 1991 417 2072 ἕξεις
438 1993 489 2074 ²²)
510 1986 710 2080 κτησάμενοι
730 1985 835 2069 ὁάτως
856 1992 1046 2082 ἐνεργοῦμεν
1066 1987 1136 2082 κατ’
1152 1989 1269 2074 άυτάς,

259 2090 298 2160 οὐ
320 2091 384 2185 γάρ
408 2089 533 2172 ἰδόντες
553 2091 712 2174 πολλάκις
733 2091 792 2176 τὴν
814 2090 972 2184 ὁρατικὴν
1003 2094 1068 2174 ἕξιν
1088 2089 1268 2181 κτώμεθα,

259 2191 328 2263 ἄλλ’
353 2196 479 2284 ἔχοντες
499 2193 604 2279 άυτὴν
625 2193 729 2276 ὁάτως
750 2195 890 2288 ὁρῶμεν·
926 2199 978 2264 ἐπὶ
997 2199 1034 2262 δὲ
1055 2198 1119 2264 τῶν
1140 2194 1180 2264 οὐ
1203 2194 1270 2291 φῶ

259 2321 310 2366 σει
331 2301 366 2364 ἐκ
387 2301 450 2366 τῶν
472 2301 635 2390 ἐνεργειῶν
655 2297 716 2378 τάς
737 2300 815 2380 ἕξεις
835 2296 1007 2387 κτώμεθα.
1054 2297 1099 2366 Ου’
1121 2297 1185 2391 γάρ
1200 2297 1270 2367 ἀλ·

259 2405 324 2479 λως
345 2404 465 2468 τέκτων
485 2408 535 2492 τἰς
556 2398 598 2469 ἂν
618 2405 745 2489 γένοιτο
767 2400 812 2489 μὴ
837 2397 997 2480 πολλάκις
1018 2398 1192 2489 ἐνεργήσας
1205 2401 1270 2484 τὰς

258 2505 318 2570 τοῦ
339 2507 489 2582 τέκτονος
506 2506 685 2595 ἐνεργείας,
719 2502 807 2571 κατά
834 2502 894 2583 τάς
922 2499 1101 2587 ὑποθήκας
1128 2509 1189 2572 τοῦ
1217 2509 1269 2573 δι-
1323 2560 1328 2565 .

259 2602 462 2685 δάσκοντος·
499 2599 567 2686 ώςέ
598 2610 664 2675 ἐπεὶ
692 2615 749 2675 καλ
776 2605 836 2686 τάς
857 2604 977 2698 άρετάς
998 2603 1084 2674 ὁάτω
1105 2605 1269 2696 κτώμεθα

259 2709 477 2798 (ἐνεργοῦντες
497 2708 561 2801 γὰρ
583 2717 639 2776 καὶ
661 2708 703 2777 τά
724 2708 915 2804 σωφρονικὰ
936 2705 1108 2798 γινόμεθα
1130 2707 1268 2804 σώφρο-

259 2814 325 2893 νες)
348 2808 407 2878 οὐκ
428 2808 470 2878 άν
491 2808 568 2901 ἡμῖν
589 2809 764 2906 ὑπάρχοιεν
787 2809 895 2906 φύσει.

327 3016 367 3084 Ολ
388 3020 424 3085 δὲ
442 3015 625 3112 φάσκοντες
645 3020 679 3102 ἐξ
699 3015 843 3107 άνάγκης
864 3017 951 3110 ἡμᾶς
972 3021 1055 3089 ἐῖναί
1081 3046 1116 3089 τε
1138 3029 1195 3091 καὶ
1216 3050 1269 3111 γι-

261 3125 387 3187 νεσθαι
410 3119 599 3204 τοιούτους,
631 3128 687 3190 καλ
714 3120 760 3210 μὴ
782 3120 1016 3203 καταλιπόντες
1039 3120 1117 3213 ἡμῖν
1139 3123 1199 3207 τὴν
1220 3128 1269 3209 ἐξ-

260 3225 379 3292 ουσίαν
399 3226 460 3291 τοῦ
480 3229 587 3291 ταῦτα
609 3221 767 3316 πράττειν
786 3252 819 3294 τε
841 3232 895 3294 καὶ
916 3225 962 3314 μὴ
970 3222 983 3306 ,Ι
1008 3223 1047 3296 δι’
1072 3219 1116 3296 ῶν
1136 3225 1177 3296 ἂν
1198 3253 1269 3296 τοτ’

260 3329 352 3394 οὗτοι
384 3328 582 3416 γενοίμεθα,
629 3335 684 3395 καλ
715 3326 772 3396 διά
803 3332 902 3397 τοῦτο
933 3325 1015 3418 μήτε
1049 3335 1119 3410 τοῖς
1153 3337 1269 3412 κακοῖς

259 3433 444 3517 γενομένοις
466 3431 580 3512 ἐξεῖναι
596 3427 647 3520 μὴ
672 3433 780 3498 ταῦτα
806 3428 981 3524 πράττειν,
1017 3426 1040 3498 ά
1068 3429 1269 3525 πράττοντες

259 3533 404 3618 γίνονται
429 3536 593 3614 τοιοῦτοι,
620 3531 700 3623 μήτε
722 3539 791 3614 τοῖς
811 3533 981 3623 άγαθοῐς,
1016 3538 1084 3617 πῶς
1105 3534 1165 3625 οὐχ
1186 3533 1267 3628 ὁμο-

260 3630 441 3720 λογήσουσι
463 3631 619 3704 κάκιστον
640 3642 806 3725 γεγονέναι
828 3641 891 3706 τῶν
912 3636 1000 3721 ζώων
1028 3635 1181 3709 ἁπάντων
1202 3637 1267 3708 ὑπὸ

224 3734 318 3819 ’τῆς
288 3735 470 3824 γςφόσεως
491 3736 549 3805 τὸν
571 3736 774 3833 άνθρωπου,
796 3735 879 3809 &NJ
860 3768 897 3810 ov
919 3767 1006 3836 φασι
1027 3739 1135 3811 πάντα
1157 3733 1265 3812 τάλλα

259 3837 469 3928 γενέσθαι’
446 3869 490 3920 ως
511 3847 749 3964 σομτελέσαντα
777 3849 804 3928 ¹)
832 3843 915 3933 πρὸς
938 3845 1000 3929 τὴν
1020 3842 1141 3916 τούτου
1163 3871 1267 3930 σωτη-

261 3945 355 4033 ρίανς
386 3940 496 4012 Ει
456 3973 522 4038 γαρ
543 3942 563 4013 r‘
584 3944 685 4035 μὲν
665 3973 764 4041 αρετη
785 3973 819 4018 τε
841 3954 896 4018 καὶ
917 3977 938 4031 ιγ
960 3975 1059 4020 κακια
1079 3947 1190 4038 μόναι
1194 3946 1263 4018 κατ’.
