2804 4762
1103 295 1142 358 55
1180 323 1189 341 ·

595 460 677 526 XV.

199 563 299 643 Quod
324 581 404 626 vero
428 564 531 641 aiunt,
580 564 607 628 si
644 569 835 630 concedatur
870 569 1001 630 eundem
1029 565 1139 632 iisdem

132 668 373 730 circumsessum
382 667 486 730 rebus
502 665 773 734 circumstantibus
788 691 883 752 posse
898 692 980 732 nunc
994 669 1040 732 sic
1054 690 1138 732 nunc

132 770 223 834 aliter
246 789 361 853 agere,
396 783 567 853 propterea
586 771 691 836 induci
712 769 884 838 motionem
910 794 989 856 quae
1012 793 1137 834 calisam

70 957 75 968 ὑ
133 896 197 938 non
221 875 354 949 habeat,
379 888 575 958 quapropter
596 875 657 958 ipsi
674 887 813 952 statuunt
834 898 898 940 non
919 875 1060 958 potuisse
1078 897 1137 938 un-

133 999 228 1060 quam
249 997 426 1060 quenquam
449 979 555 1042 facere
580 979 773 1044 eontrarium
796 979 861 1042 cius
885 983 971 1063 quod
994 979 1136 1046 facturus

132 1091 197 1156 est,
233 1078 395 1144 videamus
423 1103 527 1145 annon
552 1083 604 1162 hic
633 1103 760 1166 quoque
784 1083 986 1147 hallucinatio
1015 1079 1137 1170 parsit

133 1181 285 1266 atque-in
308 1182 483 1248 antedictis.
535 1187 611 1259 Non
632 1186 714 1252 enim
731 1207 855 1269 semper
877 1207 957 1270 quae
980 1207 1020 1248 ex
1043 1205 1135 1250 causa

131 1286 229 1363 fiunt,
265 1298 356 1350 extra
377 1309 412 1352 se
434 1309 559 1354 causam
580 1292 696 1354 habent
718 1313 775 1354 cur
799 1290 878 1362 sint;
916 1288 1029 1352 dicitur
1054 1269 1136 1351 enim

130 1389 250 1474 aliquid
268 1385 338 1454 esse
357 1391 390 1456 in
410 1405 521 1458 nostra
541 1406 699 1477 potestate
727 1396 770 1458 ob
792 1393 840 1458 ius
868 1392 944 1456 illud
968 1412 1026 1474 per
1049 1393 1137 1474 quod

128 1515 187 1558 nos
212 1495 321 1558 talium
339 1496 510 1560 dominium
527 1499 696 1575 habemus,
721 1520 785 1562 non
807 1509 909 1560 autem
930 1507 1060 1558 externa
1078 1494 1136 1558 ali-

130 1620 191 1682 qua
217 1619 329 1675 causa,
368 1611 399 1662 ct
425 1600 485 1662 ista
512 1623 576 1664 non
601 1601 668 1664 sine
690 1623 784 1666 caiisa
809 1601 977 1676 oriuntur,
1016 1596 1133 1681 quippe

130 1723 210 1784 quac
228 1701 312 1764 intra
329 1723 388 1764 nos
408 1725 532 1766 causam
550 1706 698 1768 habeant.
721 1706 831 1769 Homo
850 1703 930 1767 enim
945 1699 1133 1784 principium
1225 1783 1227 1789 Ι

130 1816 160 1868 ct
178 1825 274 1868 causa
289 1826 401 1869 corum
412 1828 491 1890 quae
503 1829 562 1890 per
576 1807 679 1892 ipsum
698 1820 852 1893 aguntur,
877 1819 908 1880 et
922 1808 986 1870 hoe
1000 1815 1047 1868 est
1062 1825 1133 1866 esse

130 1908 301 1984 hominem,
326 1929 438 1972 eornm
459 1933 540 1994 quae
559 1912 625 1996 agit
645 1911 834 1994 principium
851 1909 934 1976 intra
948 1931 981 1972 se
999 1909 1131 1982 habere,

128 2011 209 2075 sicut
240 2014 304 2076 hoe
333 2025 380 2075 est
414 2014 547 2098 glolpum
572 2037 640 2077 esse
661 2013 693 2077 in
716 2014 829 2076 declivi
851 2013 1015 2078 volutatim
1038 2011 1132 2076 ferri.

129 2116 309 2198 Propterea
337 2138 444 2179 rerum
473 2116 603 2179 aliarum
626 2137 832 2200 unaquaeque
856 2117 998 2199 sequitur
1023 2136 1132 2178 causas

128 2219 323 2282 extrinsecus
351 2219 452 2302 ipsam
474 2223 682 2297 obsedentes,
714 2231 745 2284 at
767 2242 832 2284 non
855 2217 1028 2298 ethome,
1059 2216 1133 2300 quia

129 2323 206 2384 baec
228 2321 360 2404 propria
390 2335 438 2386 est
462 2323 527 2387 eius
549 2337 682 2399 natura,
717 2324 835 2386 habere
856 2323 938 2386 intra
961 2345 996 2386 se
1019 2320 1132 2406 agendi

129 2446 255 2488 causam
273 2437 368 2508 atquc
385 2422 596 2508 principium,
620 2447 686 2490 non
708 2439 810 2490 autem
833 2448 958 2508 semper
976 2438 1007 2489 et
1030 2412 1143 2489 omni-¹

127 2551 168 2592 no
195 2527 286 2610 sequi
312 2549 370 2605 ea,
406 2552 486 2612 quae
513 2531 707 2594 extrinsecus
738 2530 981 2593 circumsistunt.
1037 2527 1133 2608 Quod

113 2631 156 2693 ‘si
172 2642 319 2696 nostrum
345 2634 383 2694 de
407 2633 536 2718 agendis
555 2633 702 2699 iudicium
724 2655 849 2716 semper
867 2635 905 2696 ad
926 2653 1021 2696 unum
1044 2629 1132 2712 quasi

127 2727 328 2816 propositum
343 2735 467 2820 signum
483 2735 688 2822 dirigeretur-¹,
713 2749 822 2818 posset
837 2738 921 2800 forte
941 2758 1011 2800 cum
1028 2733 1132 2816 speeie

46 2835 49 2846 ’
128 2833 209 2913 diei,
245 2839 283 2900 de
307 2837 417 2900 iisdem
441 2837 523 2901 idem
546 2862 614 2902 esse
636 2841 795 2903 iudicium.
840 2841 934 2902 Nunc
959 2859 1038 2902 vero
1061 2859 1130 2900 eum

127 2941 217 3004 aliter
238 2963 274 3004 sc
295 2963 347 3004 res
364 2943 478 3006 hebeat
493 2943 670 3028 (deligimus
685 2943 767 3016 ¹enim
792 2965 829 3006 ea
851 2965 931 3026 quae
947 2935 1128 3026 deligimus,

126 3068 209 3108 nunc
237 3045 363 3128 quidem
394 3057 530 3128 propter
559 3048 747 3121 honestum,
781 3069 865 3108 nunc
890 3067 969 3109 vero
997 3056 1131 3127 propter

125 3149 157 3212 id
175 3143 266 3232 quod
285 3169 382 3212 suave
402 3161 465 3224 est,
491 3171 586 3231 saepe
609 3162 640 3212 et
665 3161 800 3232 propter
825 3149 1011 3212 utilitatem:
1042 3160 1130 3210 etex

125 3253 173 3315 his
187 3276 253 3318 non
275 3255 381 3316 eadem
402 3252 502 3316 fluunt
524 3255 650 3334 effecta)
672 3275 711 3317 eo
741 3254 776 3316 fit
800 3265 835 3316 ut
859 3275 942 3315 nunc
964 3254 1131 3316 honestum

120 3346 327 3440 respicientes
349 3359 388 3418 de
409 3355 448 3420 iis
470 3357 600 3439 quaein
626 3369 799 3439 conspectu
827 3339 923 3431 smit,
951 3355 1016 3419 hoc
1037 3375 1129 3435 prae-

124 3457 276 3534 feramus,
299 3459 455 3523 interdum
477 3457 559 3521 aliud
580 3460 634 3523 ubi
653 3464 692 3522 ad
714 3459 789 3523 utile
812 3471 865 3522 aiut
887 3461 925 3521 ad
940 3479 1035 3520 suave
1050 3456 1128 3521 iudi-

126 3564 206 3626 cium
233 3563 396 3626 vertimus.
442 3563 530 3626 Sient
553 3562 633 3624 enim
657 3563 745 3626 aliam
765 3585 828 3626 non
852 3563 1028 3646 quaerimus
1056 3583 1128 3624 cau·
1204 3548 1207 3552 ⁴

125 3687 215 3742 sam,
249 3688 309 3750 per
329 3689 422 3750 quam
442 3679 529 3728 terra
547 3689 602 3728 sua
628 3667 783 3750 gravitate
816 3671 961 3730 deorsum
985 3665 1127 3738 seratur,
1187 3737 1188 3744 ἵ

126 3766 367 3854 superquam
390 3771 526 3834 animans
551 3763 592 3832 e'a
614 3769 771 3851 appetitus
794 3771 935 3836 motione
955 3779 1030 3852 agat
1050 3787 1129 3850 quae

128 3877 231 3960 agit‚.·
253 3874 343 3944 ideo.¹
359 3877 445 3960 quod
469 3876 718 3958 unumquodque
747 3895 857 3938 corium
882 3865 1006 3938 causan
1033 3873 1069 3932 de
1096 3889 1129 3962 sc
