2758 4760
1062 383 1120 443 tat

119 533 222 626 fiunt,¹
238 562 387 634 tauquam
402 550 553 635 exsistens
570 552 602 614 in
620 553 656 616 iis
672 575 750 636 quae
773 575 813 616 ex
834 553 909 636 ipsis
932 551 1125 616 efficiunturs

119 654 262 742 Fortuna
286 675 364 718 vero
387 667 418 717 et
441 677 529 718 casus
552 655 583 718 in
605 657 641 718 iis
663 679 743 739 quae
765 679 824 740 per
844 658 912 739 ipsa
934 658 1030 732 fiunt,
1055 677 1120 719 non

120 755 297 818 erisistnnt:
335 757 368 818 id
390 759 470 820 enini
493 761 579 840 quod
600 781 664 839 per·
685 760 844 822 fortunam
873 761 1020 835 efficitur,
1056 780 1121 822 non

117 861 211 921 habet·
232 857 263 922 in
286 881 319 921 se
341 861 514 924 fortunam.
567 864 610 922 Et
631 862 727 946 igitur
748 886 850 946 nequo
871 876 906 925 ut
926 865 1051 938 forma,
1091 873 1123 924 et

115 963 148 1025 id
169 963 245 1045 quid
268 976 336 1025 erat
357 985 425 1025 esse
448 977 652 1042 eausaelsunt
673 965 709 1027 iis
740 988 818 1048 quae
847 988 906 1047 per
933 967 1001 1048 ipsa
1029 966 1120 1026 finnt.

117 1068 239 1130 Forma
267 1067 349 1129 enim
377 1066 458 1136 inest
486 1051 518 1129 in
546 1089 586 1130 eo
615 1067 702 1130 ouius
732 1091 824 1131 causa
854 1081 918 1146 cst,
967 1082 997 1132 et
1025 1069 1061 1129 fit
1089 1069 1122 1131 in

115 1169 246 1233 materia
267 1181 298 1231 et
320 1182 445 1232 manet:
474 1171 589 1234 horum
611 1183 713 1233 autem
734 1185 891 1237 neutrum.
937 1174 1043 1256 Atque
1065 1193 1121 1233 ne·-

115 1293 176 1355 qne
200 1293 258 1334 ceu
279 1272 349 1334 finis
372 1285 403 1334 et
425 1273 565 1336 idonius
588 1295 699 1350 causa,
724 1276 867 1338 Fortuna
888 1288 920 1338 et
942 1297 1031 1338 casus
1048 1297 1121 1338 ean·

114 1397 168 1439 sae
198 1398 267 1439 esse
298 1387 451 1460 possunt:
486 1377 574 1439 Nulli
601 1357 682 1439 enini
710 1399 821 1442 eorum
846 1399 926 1461 quae
949 1377 1121 1462 gignuntur

115 1479 259 1542 Fortuna
298 1502 416 1562 scopus
448 1493 508 1542 est.
566 1480 742 1564 Unicuique
778 1482 859 1544 euim
895 1503 1004 1545 eornm
1041 1501 1121 1564 quae

115 1584 215 1659 fiunt,
257 1582 362 1646 finitus
395 1605 433 1646 ac
467 1596 572 1647 certus
604 1605 721 1666 scopus
757 1597 822 1661 est,
867 1586 982 1648 horum
1018 1596 1157 1646 autem>

115 1700 283 1769 utrumque
310 1686 503 1749 indefinitum
536 1699 595 1749 est.
651 1688 751 1770 Atqui
779 1687 806 1750 si
836 1687 868 1750 in
897 1689 981 1751 nulla
1009 1690 1121 1750 harum
1208 1751 1209 1756 ,

14 1793 18 1806 “
113 1791 208 1852 trium
231 1811 395 1852 causarum
417 1791 560 1854 Fortuna
582 1792 754 1854 consistere
775 1803 900 1874 potest,
931 1803 984 1854 ant
1005 1790 1125 1852 nudius

114 1894 161 1956 rei
182 1904 278 1955 eaus'a
299 1905 364 1970 est,
403 1905 456 1955 aut
480 1907 570 1956 ‘certe
593 1894 674 1956 inter
696 1895 856 1958 effectivas
878 1896 1025 1976 ponenda
1047 1892 1119 1955 erit.

114 1998 238 2060 Verum
261 2017 372 2059 causae
401 1997 565 2060 effectivae
588 1999 715 2060 alieuius
745 1997 792 2060 rei
818 2019 912 2060 causa
943 1997 1120 2060 faciuntea

114 2122 194 2183 quae
217 2101 257 2162 ab
279 2098 354 2180 ipsis
376 2100 473 2175 fiunt,
514 2111 606 2182 atque
633 2091 682 2174 ,est
710 2101 786 2182 ipsis
810 2112 913 2162 certus
936 2099 1061 2182 quidam
1083 2121 1121 2161 ae

114 2204 258 2266 definitus
294 2203 369 2265 finis·
400 2203 585 2291 propositus
599 2195 626 2280 ‚'
647 2225 705 2266 ceu
738 2215 849 2266 natura
885 2214 916 2265 et
948 2225 997 2264 ars
1027 2213 1120 2286 atque

113 2307 240 2384 electio.
286 2305 349 2368 Sed
369 2306 447 2368 nihil
467 2309 582 2369 horum
610 2307 693 2369 idern
721 2329 793 2369 curn
821 2306 951 2378 sortuna
981 2319 1013 2367 et
1045 2327 1120 2369 casu

113 2422 171 2472 est.
216 2409 316 2472 Aliud
337 2409 418 2472 enim
441 2411 586 2493 quiddam
615 2422 783 2492 utrumque
805 2411 919 2473 horum
942 2430 1009 2472 esse
1031 2410 1119 2472 vide-

112 2525 164 2575 tur
193 2525 224 2575 et
254 2515 292 2574 ab
320 2512 381 2576 illis
413 2505 584 2575 diversum.
639 2515 810 2575 Praeterea
840 2513 894 2575 illa
925 2513 1050 2575 definita
1082 2525 1130 2576 ac
1176 2591 1177 2594 Ἴ

112 2629 199 2680 certa
231 2629 324 2691 sunt,
371 2628 402 2678 et
430 2619 470 2678 ad
498 2616 632 2698 aliquam
661 2637 728 2678 rem
758 2615 915 2698 definitam
943 2637 980 2676 ac
1002 2627 1119 2677 certam

112 2722 241 2783 ducunt.
285 2721 429 2798 Fortuna
450 2741 529 2782 vero
552 2720 661 2795 varia,
691 2719 810 2782 incerta
832 2731 863 2782 et
883 2717 1035 2782 instabilis
1057 2728 1117 2779 est.

113 2821 147 2884 Si
167 2822 266 2907 igitur
295 2823 468 2905 aliquarum
493 2843 599 2885 rernm
622 2844 733 2885 causae
765 2843 833 2886 esse
859 2823 1023 2897 videntur,
1062 2841 1120 2882 nec

113 2947 184 2988 cnm
205 2925 270 2987 nlla
293 2946 333 2987 ex
356 2925 456 2988 causis
478 2925 684 3000 conveniunt,
717 2937 770 2986 aut
789 2925 911 3006 penitus
933 2923 1009 2988 nihil
1034 2935 1118 2998 sunt,

113 3040 166 3092 aut
192 3040 277 3090 certe
303 3027 381 3090 alins
408 3049 572 3090 causarum
599 3031 709 3090 modus
744 3029 941 3110 quaerendus
963 3039 1023 3088 est.
1073 3027 1120 3088 At

106 3151 157 3194 ‘ea'
173 3131 278 3195 omnia
298 3151 364 3210 nop
390 3151 459 3194 esse
485 3131 511 3194 si
533 3131 601 3214 quis
628 3142 763 3206 asserat,
799 3131 934 3192 absurde
958 3129 990 3190 id
1010 3129 1116 3203 faciet,

112 3257 182 3297 cum
204 3255 256 3298 res
279 3234 340 3297 sint
366 3255 445 3316 quae
470 3245 591 3296 tantum
622 3233 654 3295 in
677 3233 799 3296 entibus
817 3253 912 3314 posse
934 3235 1116 3294 ereduntur.
1184 3253 1186 3258 ‘

111 3337 176 3418 Qui
190 3358 270 3400 vero
292 3349 489 3418 potestesse
508 3337 584 3399 alius
603 3349 730 3418 praeter
751 3335 930 3417 praedictos
953 3353 1118 3398 causarum
1140 3338 1146 3348 '

110 3439 248 3504 modos?
284 3442 366 3502 Nam
381 3439 478 3523 igitur
499 3441 529 3502 in
550 3441 649 3503 causis
677 3427 754 3502 aliae
783 3453 855 3502 sunt
876 3460 935 3520 per
956 3459 1007 3514 se,
1040 3436 1117 3499 aliae

109 3565 168 3626 per
194 3543 362 3606 accidens?
395 3544 474 3606 Sunt
499 3542 579 3606 enirn
600 3547 750 3626 quaedam
778 3564 889 3605 causae
912 3563 1038 3634 qnoque
1060 3561 1118 3622 per

109 3647 265 3710 accidens.
289 3647 328 3710 Id
343 3645 423 3708 enirn
440 3648 526 3729 quod
542 3667 652 3708 causae
670 3667 728 3727 per
744 3667 777 3712 se
793 3659 825 3709 et
839 3645 970 3728 proprie
989 3645 1118 3706 alieuius

110 3750 241 3826 accidit,
274 3771 367 3811 causa
388 3771 447 3830 per
467 3749 610 3812 accidens
633 3761 701 3826 est,
734 3761 765 3811 et
784 3750 886 3831 ipsum
906 3749 971 3810 eius
993 3747 1117 3830 praeei-

107 3873 169 3933 pue
196 3875 233 3915 ac
258 3852 472 3934 principaliter
502 3873 595 3915 eausa
621 3864 711 3927 erat,
751 3853 802 3914 eui
830 3853 894 3915 hoo
922 3850 1115 3935 contigerat.

106 3955 256 4019 Medicus
279 3955 397 4040 quippe
422 3977 522 4019 causa
540 3968 587 4020 est
605 3977 662 4039 per
685 3977 718 4018 se
742 3953 898 4030 sanitatis,
925 3955 1013 4022 albus
1037 3973 1117 4048 vero¹
