<?xml version="1.0" encoding="UTF-8"?>
<!DOCTYPE html PUBLIC "-//W3C//DTD XHTML 1.0 Transitional//EN"
    "http://www.w3.org/TR/xhtml1/DTD/xhtml1-transitional.dtd">
<html xmlns="http://www.w3.org/1999/xhtml" xml:lang="en" lang="en">
 <head>
  <title>
</title>
<meta http-equiv="Content-Type" content="text/html;charset=utf-8" />
  <meta name='ocr-system' content='tesseract 3.04.00' />
  <meta name='ocr-capabilities' content='ocr_page ocr_carea ocr_par ocr_line ocrx_word'/>
</head>
<body>
  <div class='ocr_page' id='page_1' title='image "./alexandriaphrod00bardgoog_0219.png"; bbox 0 0 2728 4758; ppageno 0'>
   <div class='ocr_carea' id='block_1_1' title="bbox 181 1057 1084 1142">
    <p class='ocr_par' dir='ltr' id='par_1_1' title="bbox 181 1057 1084 1142">
     <span class='ocr_line' id='line_1_1' title="bbox 181 1057 1084 1142; baseline 0.002 -8"><span class='ocrx_word' id='word_1_1' title='bbox 181 1057 510 1140; x_wconf 81' lang='lat' dir='ltr'>BARDES&#39;ANIS</span> <span class='ocrx_word' id='word_1_2' title='bbox 542 1063 660 1138; x_wconf 84' lang='lat' dir='ltr'>SYRI</span> <span class='ocrx_word' id='word_1_3' title='bbox 695 1060 1084 1142; x_wconf 86' lang='lat' dir='ltr'><strong>FRAGMENTUM.</strong></span> 
     </span>
    </p>
   </div>
   <div class='ocr_carea' id='block_1_2' title="bbox 437 1243 833 1332">
    <p class='ocr_par' dir='ltr' id='par_1_2' title="bbox 437 1243 833 1332">
     <span class='ocr_line' id='line_1_2' title="bbox 437 1243 833 1332; baseline -0.005 -22"><span class='ocrx_word' id='word_1_4' title='bbox 437 1243 602 1310; x_wconf 82' lang='lat' dir='ltr'>Adversus</span> <span class='ocrx_word' id='word_1_5' title='bbox 623 1245 833 1332; x_wconf 84' lang='lat' dir='ltr'>Astrologos.</span> 
     </span>
    </p>
   </div>
   <div class='ocr_carea' id='block_1_3' title="bbox 335 1415 928 1491">
    <p class='ocr_par' dir='ltr' id='par_1_3' title="bbox 335 1381 928 1491">
     <span class='ocr_line' id='line_1_3' title="bbox 335 1415 928 1491; baseline 0 -18"><span class='ocrx_word' id='word_1_6' title='bbox 335 1417 454 1485; x_wconf 82' lang='lat' dir='ltr'>(Eodem</span> <span class='ocrx_word' id='word_1_7' title='bbox 472 1417 599 1486; x_wconf 72' lang='lat' dir='ltr'>Hugone</span> <span class='ocrx_word' id='word_1_8' title='bbox 618 1415 724 1469; x_wconf 82' lang='lat' dir='ltr'>Grotto</span> <span class='ocrx_word' id='word_1_9' title='bbox 743 1417 928 1491; x_wconf 75' lang='lat' dir='ltr'>interprete.)</span> 
     </span>
    </p>
   </div>
   <div class='ocr_carea' id='block_1_4' title="bbox 113 1845 1151 3486">
    <p class='ocr_par' dir='ltr' id='par_1_4' title="bbox 131 1845 1133 2239">
     <span class='ocr_line' id='line_1_4' title="bbox 194 1845 1129 1938; baseline 0.005 -30"><span class='ocrx_word' id='word_1_10' title='bbox 194 1845 373 1914; x_wconf 74' lang='lat' dir='ltr'>Secundum</span> <span class='ocrx_word' id='word_1_11' title='bbox 394 1857 535 1911; x_wconf 84' lang='lat' dir='ltr'>naturam</span> <span class='ocrx_word' id='word_1_12' title='bbox 557 1849 664 1916; x_wconf 83' lang='lat' dir='ltr'>homo</span> <span class='ocrx_word' id='word_1_13' title='bbox 676 1846 835 1934; x_wconf 77' lang='lat' dir='ltr'><strong>gignitur,</strong></span> <span class='ocrx_word' id='word_1_14' title='bbox 867 1846 978 1938; x_wconf 73' lang='lat' dir='ltr'>alitur,</span> <span class='ocrx_word' id='word_1_15' title='bbox 1009 1849 1129 1936; x_wconf 79' lang='lat' dir='ltr'>gignit,</span> 
     </span>
     <span class='ocr_line' id='line_1_5' title="bbox 133 1947 1132 2030; baseline 0.004 -17"><span class='ocrx_word' id='word_1_16' title='bbox 133 1947 215 2028; x_wconf 83' lang='lat' dir='ltr'>edit,</span> <span class='ocrx_word' id='word_1_17' title='bbox 239 1948 338 2030; x_wconf 85' lang='lat' dir='ltr'>bibit,</span> <span class='ocrx_word' id='word_1_18' title='bbox 362 1949 497 2026; x_wconf 88' lang='lat' dir='ltr'>dormit,</span> <span class='ocrx_word' id='word_1_19' title='bbox 521 1949 673 2027; x_wconf 87' lang='lat' dir='ltr'>senescit,</span> <span class='ocrx_word' id='word_1_20' title='bbox 697 1950 844 2014; x_wconf 89' lang='lat' dir='ltr'>moritur.</span> <span class='ocrx_word' id='word_1_21' title='bbox 888 1952 932 2015; x_wconf 91' lang='lat' dir='ltr'>Et</span> <span class='ocrx_word' id='word_1_22' title='bbox 944 1953 1022 2014; x_wconf 89' lang='lat' dir='ltr'>hacc</span> <span class='ocrx_word' id='word_1_23' title='bbox 1044 1974 1132 2017; x_wconf 87' lang='lat' dir='ltr'>com-</span> 
     </span>
     <span class='ocr_line' id='line_1_6' title="bbox 132 2051 1133 2117; baseline 0.002 -2"><span class='ocrx_word' id='word_1_24' title='bbox 132 2052 238 2116; x_wconf 81' lang='lat' dir='ltr'>munia</span> <span class='ocrx_word' id='word_1_25' title='bbox 260 2065 330 2116; x_wconf 90' lang='lat' dir='ltr'>sunt</span> <span class='ocrx_word' id='word_1_26' title='bbox 352 2053 529 2117; x_wconf 89' lang='lat' dir='ltr'>hominibus</span> <span class='ocrx_word' id='word_1_27' title='bbox 554 2052 697 2117; x_wconf 88' lang='lat' dir='ltr'>omnibus</span> <span class='ocrx_word' id='word_1_28' title='bbox 720 2065 750 2116; x_wconf 87' lang='lat' dir='ltr'>et</span> <span class='ocrx_word' id='word_1_29' title='bbox 771 2051 864 2115; x_wconf 89' lang='lat' dir='ltr'>mutis</span> <span class='ocrx_word' id='word_1_30' title='bbox 887 2053 979 2117; x_wconf 88' lang='lat' dir='ltr'>etiam</span> <span class='ocrx_word' id='word_1_31' title='bbox 995 2054 1133 2117; x_wconf 86' lang='lat' dir='ltr'>animan·</span> 
     </span>
     <span class='ocr_line' id='line_1_7' title="bbox 131 2143 1131 2239; baseline 0.002 -21"><span class='ocrx_word' id='word_1_32' title='bbox 131 2157 230 2219; x_wconf 88' lang='lat' dir='ltr'>tibus.</span> <span class='ocrx_word' id='word_1_33' title='bbox 274 2157 320 2220; x_wconf 86' lang='lat' dir='ltr'>At</span> <span class='ocrx_word' id='word_1_34' title='bbox 342 2168 466 2219; x_wconf 86' lang='lat' dir='ltr'>caetera</span> <span class='ocrx_word' id='word_1_35' title='bbox 488 2143 653 2219; x_wconf 83' lang='lat' dir='ltr'>animantia</span> <span class='ocrx_word' id='word_1_36' title='bbox 667 2155 767 2218; x_wconf 86' lang='lat' dir='ltr'>anima</span> <span class='ocrx_word' id='word_1_37' title='bbox 781 2176 845 2219; x_wconf 90' lang='lat' dir='ltr'>non</span> <span class='ocrx_word' id='word_1_38' title='bbox 860 2155 963 2218; x_wconf 86' lang='lat' dir='ltr'>animo</span> <span class='ocrx_word' id='word_1_39' title='bbox 978 2157 1131 2239; x_wconf 85' lang='lat' dir='ltr'>praedita,</span> 
     </span>
    </p>

    <p class='ocr_par' dir='ltr' id='par_1_5' title="bbox 113 2244 1151 3486">
     <span class='ocr_line' id='line_1_8' title="bbox 113 2244 1134 2341; baseline -0.001 -18"><span class='ocrx_word' id='word_1_40' title='bbox 113 2244 215 2323; x_wconf 77' lang='lat' dir='ltr'>&#39;sicut</span> <span class='ocrx_word' id='word_1_41' title='bbox 235 2270 337 2322; x_wconf 89' lang='lat' dir='ltr'>totum</span> <span class='ocrx_word' id='word_1_42' title='bbox 359 2259 407 2322; x_wconf 90' lang='lat' dir='ltr'>sui</span> <span class='ocrx_word' id='word_1_43' title='bbox 429 2271 533 2322; x_wconf 86' lang='lat' dir='ltr'>ortum</span> <span class='ocrx_word' id='word_1_44' title='bbox 554 2281 687 2323; x_wconf 84' lang='lat' dir='ltr'>sexuum</span> <span class='ocrx_word' id='word_1_45' title='bbox 708 2257 903 2341; x_wconf 83' lang='lat' dir='ltr'>copulationi</span> <span class='ocrx_word' id='word_1_46' title='bbox 924 2261 1058 2336; x_wconf 86' lang='lat' dir='ltr'>debent,</span> <span class='ocrx_word' id='word_1_47' title='bbox 1090 2259 1134 2322; x_wconf 87' lang='lat' dir='ltr'>ita</span> 
     </span>
     <span class='ocr_line' id='line_1_9' title="bbox 132 2351 1135 2444; baseline 0 -18"><span class='ocrx_word' id='word_1_48' title='bbox 132 2364 233 2426; x_wconf 78' lang='lat' dir='ltr'>ferme</span> <span class='ocrx_word' id='word_1_49' title='bbox 255 2365 424 2424; x_wconf 89' lang='lat' dir='ltr'>secundum</span> <span class='ocrx_word' id='word_1_50' title='bbox 444 2351 587 2444; x_wconf 81' lang='lat' dir='ltr'>naturam</span> <span class='ocrx_word' id='word_1_51' title='bbox 607 2364 766 2440; x_wconf 68' lang='lat' dir='ltr'>feruntur,</span> <span class='ocrx_word' id='word_1_52' title='bbox 815 2364 887 2426; x_wconf 93' lang='lat' dir='ltr'>Leo</span> <span class='ocrx_word' id='word_1_53' title='bbox 910 2352 1055 2426; x_wconf 85' lang='lat' dir='ltr'>carnibus</span> <span class='ocrx_word' id='word_1_54' title='bbox 1078 2385 1135 2426; x_wconf 90' lang='lat' dir='ltr'>ve-</span> 
     </span>
     <span class='ocr_line' id='line_1_10' title="bbox 133 2465 1151 2550; baseline 0.002 -22"><span class='ocrx_word' id='word_1_55' title='bbox 133 2465 234 2528; x_wconf 81' lang='lat' dir='ltr'>scitur</span> <span class='ocrx_word' id='word_1_56' title='bbox 255 2477 285 2528; x_wconf 89' lang='lat' dir='ltr'>et</span> <span class='ocrx_word' id='word_1_57' title='bbox 307 2466 409 2550; x_wconf 85' lang='lat' dir='ltr'>laesus</span> <span class='ocrx_word' id='word_1_58' title='bbox 432 2487 465 2528; x_wconf 91' lang='lat' dir='ltr'>se</span> <span class='ocrx_word' id='word_1_59' title='bbox 486 2465 665 2539; x_wconf 77' lang='lat' dir='ltr'>ulciscitur3</span> <span class='ocrx_word' id='word_1_60' title='bbox 703 2477 734 2528; x_wconf 88' lang='lat' dir='ltr'>et</span> <span class='ocrx_word' id='word_1_61' title='bbox 763 2467 806 2529; x_wconf 93' lang='lat' dir='ltr'>ob</span> <span class='ocrx_word' id='word_1_62' title='bbox 834 2465 866 2528; x_wconf 89' lang='lat' dir='ltr'>id</span> <span class='ocrx_word' id='word_1_63' title='bbox 895 2486 1003 2529; x_wconf 88' lang='lat' dir='ltr'>omnes</span> <span class='ocrx_word' id='word_1_64' title='bbox 1025 2467 1151 2530; x_wconf 79' lang='lat' dir='ltr'>leones</span> 
     </span>
     <span class='ocr_line' id='line_1_11' title="bbox 136 2567 1135 2654; baseline 0.001 -23"><span class='ocrx_word' id='word_1_65' title='bbox 136 2581 168 2646; x_wconf 84' lang='lat' dir='ltr'>et</span> <span class='ocrx_word' id='word_1_66' title='bbox 192 2567 339 2634; x_wconf 87' lang='lat' dir='ltr'>carnibus</span> <span class='ocrx_word' id='word_1_67' title='bbox 363 2580 532 2631; x_wconf 88' lang='lat' dir='ltr'>vescuntur</span> <span class='ocrx_word' id='word_1_68' title='bbox 554 2581 585 2631; x_wconf 92' lang='lat' dir='ltr'>et</span> <span class='ocrx_word' id='word_1_69' title='bbox 605 2568 800 2631; x_wconf 88' lang='lat' dir='ltr'>ulciscuntur</span> <span class='ocrx_word' id='word_1_70' title='bbox 814 2589 895 2631; x_wconf 85' lang='lat' dir='ltr'>sese.</span> <span class='ocrx_word' id='word_1_71' title='bbox 930 2568 1018 2654; x_wconf 84' lang='lat' dir='ltr'>Agni</span> <span class='ocrx_word' id='word_1_72' title='bbox 1035 2570 1135 2632; x_wconf 89' lang='lat' dir='ltr'>herba</span> 
     </span>
     <span class='ocr_line' id='line_1_12' title="bbox 132 2669 1134 2758; baseline -0.001 -23"><span class='ocrx_word' id='word_1_73' title='bbox 132 2671 328 2756; x_wconf 70' lang='lat' dir='ltr'>pascuntur3</span> <span class='ocrx_word' id='word_1_74' title='bbox 359 2693 468 2736; x_wconf 89' lang='lat' dir='ltr'>carnes</span> <span class='ocrx_word' id='word_1_75' title='bbox 490 2669 555 2735; x_wconf 80' lang='lat' dir='ltr'>uon</span> <span class='ocrx_word' id='word_1_76' title='bbox 578 2672 755 2758; x_wconf 81' lang='lat' dir='ltr'>attingunt,</span> <span class='ocrx_word' id='word_1_77' title='bbox 790 2684 821 2736; x_wconf 90' lang='lat' dir='ltr'>et</span> <span class='ocrx_word' id='word_1_78' title='bbox 843 2671 919 2735; x_wconf 87' lang='lat' dir='ltr'>laesi</span> <span class='ocrx_word' id='word_1_79' title='bbox 941 2694 974 2735; x_wconf 88' lang='lat' dir='ltr'>se</span> <span class='ocrx_word' id='word_1_80' title='bbox 996 2673 1134 2736; x_wconf 88' lang='lat' dir='ltr'>non&#39;ul·</span> 
     </span>
     <span class='ocr_line' id='line_1_13' title="bbox 134 2774 1134 2860; baseline -0.001 -22"><span class='ocrx_word' id='word_1_81' title='bbox 134 2777 317 2850; x_wconf 68' lang='lat' dir='ltr'>obeuntur,</span> <span class='ocrx_word' id='word_1_82' title='bbox 352 2779 460 2858; x_wconf 83' lang='lat' dir='ltr'>‘atque</span> <span class='ocrx_word' id='word_1_83' title='bbox 496 2775 528 2837; x_wconf 91' lang='lat' dir='ltr'>id</span> <span class='ocrx_word' id='word_1_84' title='bbox 561 2774 705 2837; x_wconf 89' lang='lat' dir='ltr'>omnibus</span> <span class='ocrx_word' id='word_1_85' title='bbox 749 2775 838 2860; x_wconf 81' lang='lat' dir='ltr'>agnis</span> <span class='ocrx_word' id='word_1_86' title='bbox 876 2775 1034 2860; x_wconf 82' lang='lat' dir='ltr'>ingenium</span> <span class='ocrx_word' id='word_1_87' title='bbox 1074 2788 1134 2838; x_wconf 90' lang='lat' dir='ltr'>est.</span> 
     </span>
     <span class='ocr_line' id='line_1_14' title="bbox 134 2877 1135 2962; baseline 0.002 -22"><span class='ocrx_word' id='word_1_88' title='bbox 134 2879 288 2959; x_wconf 88' lang='lat' dir='ltr'>Scorpius</span> <span class='ocrx_word' id='word_1_89' title='bbox 310 2883 427 2940; x_wconf 85' lang='lat' dir='ltr'>terram</span> <span class='ocrx_word' id='word_1_90' title='bbox 449 2877 533 2952; x_wconf 89' lang='lat' dir='ltr'>edit,</span> <span class='ocrx_word' id='word_1_91' title='bbox 568 2877 724 2962; x_wconf 87' lang='lat' dir='ltr'>laeditque</span> <span class='ocrx_word' id='word_1_92' title='bbox 746 2899 811 2941; x_wconf 87' lang='lat' dir='ltr'>non</span> <span class='ocrx_word' id='word_1_93' title='bbox 832 2879 934 2941; x_wconf 88' lang='lat' dir='ltr'>laesus</span> <span class='ocrx_word' id='word_1_94' title='bbox 955 2879 1046 2960; x_wconf 83' lang='lat' dir='ltr'>ipse,</span> <span class='ocrx_word' id='word_1_95' title='bbox 1079 2899 1135 2942; x_wconf 87' lang='lat' dir='ltr'>ve·</span> 
     </span>
     <span class='ocr_line' id='line_1_15' title="bbox 132 2981 1134 3062; baseline -0.001 -17"><span class='ocrx_word' id='word_1_96' title='bbox 132 2981 398 3062; x_wconf 70' lang='lat' dir='ltr'>nenata&#39;cus‘pide</span> <span class='ocrx_word' id='word_1_97' title='bbox 421 2983 614 3043; x_wconf 85' lang='lat' dir='ltr'>verberans:</span> <span class='ocrx_word' id='word_1_98' title='bbox 637 2982 767 3043; x_wconf 84' lang='lat' dir='ltr'>ethaeo</span> <span class='ocrx_word' id='word_1_99' title='bbox 788 2981 903 3044; x_wconf 74' lang='lat' dir='ltr'>malitia</span> <span class='ocrx_word' id='word_1_100' title='bbox 925 2993 971 3044; x_wconf 90' lang='lat' dir='ltr'>est</span> <span class='ocrx_word' id='word_1_101' title='bbox 991 2981 1134 3045; x_wconf 89' lang='lat' dir='ltr'>omnibus</span> 
     </span>
     <span class='ocr_line' id='line_1_16' title="bbox 133 3083 1130 3166; baseline -0.001 -18"><span class='ocrx_word' id='word_1_102' title='bbox 133 3083 282 3165; x_wconf 82' lang='lat' dir='ltr'>scorpiis.</span> <span class='ocrx_word' id='word_1_103' title='bbox 327 3083 476 3147; x_wconf 80' lang='lat' dir='ltr'>Formica</span> <span class='ocrx_word' id='word_1_104' title='bbox 502 3105 561 3166; x_wconf 87' lang='lat' dir='ltr'>per</span> <span class='ocrx_word' id='word_1_105' title='bbox 590 3095 731 3146; x_wconf 87' lang='lat' dir='ltr'>naturam</span> <span class='ocrx_word' id='word_1_106' title='bbox 753 3083 843 3147; x_wconf 88' lang='lat' dir='ltr'>novit</span> <span class='ocrx_word' id='word_1_107' title='bbox 864 3084 998 3147; x_wconf 90' lang='lat' dir='ltr'>hiemem</span> <span class='ocrx_word' id='word_1_108' title='bbox 1020 3097 1130 3147; x_wconf 88' lang='lat' dir='ltr'>ventu·</span> 
     </span>
     <span class='ocr_line' id='line_1_17' title="bbox 130 3173 1132 3262; baseline 0.002 -12"><span class='ocrx_word' id='word_1_109' title='bbox 130 3209 224 3262; x_wconf 85' lang='lat' dir='ltr'>ram,</span> <span class='ocrx_word' id='word_1_110' title='bbox 261 3197 292 3248; x_wconf 89' lang='lat' dir='ltr'>et</span> <span class='ocrx_word' id='word_1_111' title='bbox 321 3198 437 3249; x_wconf 87' lang='lat' dir='ltr'>aestate</span> <span class='ocrx_word' id='word_1_112' title='bbox 459 3198 527 3250; x_wconf 91' lang='lat' dir='ltr'>tota</span> <span class='ocrx_word' id='word_1_113' title='bbox 548 3185 696 3250; x_wconf 85' lang='lat' dir='ltr'>laborans</span> <span class='ocrx_word' id='word_1_114' title='bbox 718 3186 864 3250; x_wconf 87' lang='lat' dir='ltr'>recondit</span> <span class='ocrx_word' id='word_1_115' title='bbox 884 3187 944 3252; x_wconf 88' lang='lat' dir='ltr'>sibi</span> <span class='ocrx_word' id='word_1_116' title='bbox 965 3173 1132 3252; x_wconf 78' lang='lat' dir='ltr'>alimenta:</span> 
     </span>
     <span class='ocr_line' id='line_1_18' title="bbox 135 3288 1135 3372; baseline 0 -19"><span class='ocrx_word' id='word_1_117' title='bbox 135 3303 167 3353; x_wconf 89' lang='lat' dir='ltr'>et</span> <span class='ocrx_word' id='word_1_118' title='bbox 189 3289 234 3352; x_wconf 91' lang='lat' dir='ltr'>sic</span> <span class='ocrx_word' id='word_1_119' title='bbox 255 3289 402 3360; x_wconf 87' lang='lat' dir='ltr'>laborant</span> <span class='ocrx_word' id='word_1_120' title='bbox 422 3289 574 3353; x_wconf 81' lang='lat' dir='ltr'>formicae</span> <span class='ocrx_word' id='word_1_121' title='bbox 597 3298 717 3354; x_wconf 85' lang='lat' dir='ltr'>omnes.</span> <span class='ocrx_word' id='word_1_122' title='bbox 743 3350 745 3354; x_wconf 84' lang='lat'><em>.</em></span> <span class='ocrx_word' id='word_1_123' title='bbox 772 3291 853 3372; x_wconf 90' lang='lat' dir='ltr'>Apis</span> <span class='ocrx_word' id='word_1_124' title='bbox 880 3290 941 3352; x_wconf 92' lang='lat' dir='ltr'>mel</span> <span class='ocrx_word' id='word_1_125' title='bbox 960 3288 1135 3354; x_wconf 87' lang='lat' dir='ltr'>fabricatur</span> 
     </span>
     <span class='ocr_line' id='line_1_19' title="bbox 135 3391 1134 3486; baseline -0.002 -30"><span class='ocrx_word' id='word_1_126' title='bbox 135 3403 167 3456; x_wconf 86' lang='lat' dir='ltr'>ct</span> <span class='ocrx_word' id='word_1_127' title='bbox 181 3392 253 3456; x_wconf 88' lang='lat' dir='ltr'>inde</span> <span class='ocrx_word' id='word_1_128' title='bbox 268 3391 424 3475; x_wconf 87' lang='lat' dir='ltr'>pascitur,</span> <span class='ocrx_word' id='word_1_129' title='bbox 460 3404 491 3453; x_wconf 89' lang='lat' dir='ltr'>et</span> <span class='ocrx_word' id='word_1_130' title='bbox 505 3391 761 3486; x_wconf 74' lang='lat' dir='ltr'>sicfabricantur</span> <span class='ocrx_word' id='word_1_131' title='bbox 783 3414 858 3475; x_wconf 87' lang='lat' dir='ltr'>apes</span> <span class='ocrx_word' id='word_1_132' title='bbox 882 3414 1003 3457; x_wconf 84' lang='lat' dir='ltr'>omnes.</span> <span class='ocrx_word' id='word_1_133' title='bbox 1024 3405 1026 3411; x_wconf 67' lang='lat'>‘</span> <span class='ocrx_word' id='word_1_134' title='bbox 1047 3393 1134 3462; x_wconf 73' lang='lat' dir='ltr'>¹Pos-</span> 
     </span>
    </p>
   </div>
   <div class='ocr_carea' id='block_1_5' title="bbox 135 3474 1254 3580">
    <p class='ocr_par' dir='ltr' id='par_1_6' title="bbox 135 3474 1254 3580">
     <span class='ocr_line' id='line_1_20' title="bbox 135 3474 1254 3580; baseline -0.004 -17"><span class='ocrx_word' id='word_1_135' title='bbox 135 3499 202 3563; x_wconf 85' lang='lat' dir='ltr'>sem</span> <span class='ocrx_word' id='word_1_136' title='bbox 230 3497 343 3560; x_wconf 86' lang='lat' dir='ltr'>multas</span> <span class='ocrx_word' id='word_1_137' title='bbox 373 3495 497 3559; x_wconf 88' lang='lat' dir='ltr'>adferre</span> <span class='ocrx_word' id='word_1_138' title='bbox 526 3495 600 3558; x_wconf 90' lang='lat' dir='ltr'>alias</span> <span class='ocrx_word' id='word_1_139' title='bbox 629 3497 750 3580; x_wconf 87' lang='lat' dir='ltr'>species</span> <span class='ocrx_word' id='word_1_140' title='bbox 785 3493 1006 3571; x_wconf 86' lang='lat' dir='ltr'>animantium,</span> <span class='ocrx_word' id='word_1_141' title='bbox 1056 3516 1136 3578; x_wconf 88' lang='lat' dir='ltr'>quae</span> <span class='ocrx_word' id='word_1_142' title='bbox 1184 3572 1186 3578; x_wconf 18' lang='grc' dir='ltr'><strong><em>Α</em></strong></span> <span class='ocrx_word' id='word_1_143' title='bbox 1249 3474 1254 3490; x_wconf 66' lang='grc'>’</span> 
     </span>
    </p>
   </div>
   <div class='ocr_carea' id='block_1_6' title="bbox 75 3591 1183 3998">
    <p class='ocr_par' dir='ltr' id='par_1_7' title="bbox 75 3591 1183 3998">
     <span class='ocr_line' id='line_1_21' title="bbox 136 3591 1136 3682; baseline -0.003 -19"><span class='ocrx_word' id='word_1_144' title='bbox 136 3623 207 3663; x_wconf 86' lang='lat' dir='ltr'>curn</span> <span class='ocrx_word' id='word_1_145' title='bbox 231 3623 249 3667; x_wconf 85' lang='lat' dir='ltr'>a</span> <span class='ocrx_word' id='word_1_146' title='bbox 270 3611 381 3663; x_wconf 85' lang='lat' dir='ltr'>natura</span> <span class='ocrx_word' id='word_1_147' title='bbox 402 3619 458 3662; x_wconf 88' lang='lat' dir='ltr'>sua</span> <span class='ocrx_word' id='word_1_148' title='bbox 479 3610 635 3682; x_wconf 89' lang='lat' dir='ltr'>nequeant</span> <span class='ocrx_word' id='word_1_149' title='bbox 657 3591 849 3678; x_wconf 68' lang='lat' dir='ltr'>absceiiere,</span> <span class='ocrx_word' id='word_1_150' title='bbox 888 3599 1016 3661; x_wconf 88' lang='lat' dir='ltr'>multam</span> <span class='ocrx_word' id='word_1_151' title='bbox 1044 3598 1136 3662; x_wconf 88' lang='lat' dir='ltr'>nobis</span> 
     </span>
     <span class='ocr_line' id='line_1_22' title="bbox 127 3700 1183 3786; baseline -0.001 -21"><span class='ocrx_word' id='word_1_152' title='bbox 127 3705 289 3786; x_wconf 76' lang='lat' dir='ltr'>praebent</span> <span class='ocrx_word' id='word_1_153' title='bbox 310 3701 479 3764; x_wconf 83' lang='lat' dir='ltr'>admirandi</span> <span class='ocrx_word' id='word_1_154' title='bbox 508 3701 686 3772; x_wconf 68' lang='lat' dir='ltr'>materiam</span> <span class='ocrx_word' id='word_1_155' title='bbox 724 3707 780 3766; x_wconf 89' lang='lat' dir='ltr'>sed</span> <span class='ocrx_word' id='word_1_156' title='bbox 801 3702 943 3766; x_wconf 85' lang='lat' dir='ltr'>sufficere</span> <span class='ocrx_word' id='word_1_157' title='bbox 966 3700 1134 3766; x_wconf 86' lang='lat' dir='ltr'>arbitratus</span> <span class='ocrx_word' id='word_1_158' title='bbox 1179 3735 1183 3742; x_wconf 83' lang='lat'>·</span> 
     </span>
     <span class='ocr_line' id='line_1_23' title="bbox 75 3800 1134 3889; baseline -0.003 -20"><span class='ocrx_word' id='word_1_159' title='bbox 75 3807 78 3812; x_wconf 63' lang='grc'>“</span> <span class='ocrx_word' id='word_1_160' title='bbox 137 3800 205 3870; x_wconf 84' lang='lat' dir='ltr'>sum</span> <span class='ocrx_word' id='word_1_161' title='bbox 227 3806 389 3888; x_wconf 86' lang='lat' dir='ltr'>productis</span> <span class='ocrx_word' id='word_1_162' title='bbox 413 3805 562 3886; x_wconf 83' lang='lat' dir='ltr'>exemplis</span> <span class='ocrx_word' id='word_1_163' title='bbox 585 3816 729 3868; x_wconf 86' lang='lat' dir='ltr'>testatum</span> <span class='ocrx_word' id='word_1_164' title='bbox 757 3807 885 3886; x_wconf 77' lang='lat' dir='ltr'>facere,</span> <span class='ocrx_word' id='word_1_165' title='bbox 926 3805 987 3869; x_wconf 87' lang='lat' dir='ltr'>alia</span> <span class='ocrx_word' id='word_1_166' title='bbox 1010 3804 1134 3889; x_wconf 85' lang='lat' dir='ltr'>quidem</span> 
     </span>
     <span class='ocr_line' id='line_1_24' title="bbox 125 3904 1131 3998; baseline -0.004 -24"><span class='ocrx_word' id='word_1_167' title='bbox 125 3904 302 3998; x_wconf 61' lang='lat' dir='ltr'>&#39;animantia</span> <span class='ocrx_word' id='word_1_168' title='bbox 323 3931 384 3993; x_wconf 87' lang='lat' dir='ltr'>pro</span> <span class='ocrx_word' id='word_1_169' title='bbox 407 3932 443 3974; x_wconf 83' lang='lat' dir='ltr'>ca</span> <span class='ocrx_word' id='word_1_170' title='bbox 465 3921 574 3998; x_wconf 77' lang='lat' dir='ltr'>natura</span> <span class='ocrx_word' id='word_1_171' title='bbox 591 3930 676 3992; x_wconf 67' lang='lat' dir='ltr'>rquare</span> <span class='ocrx_word' id='word_1_172' title='bbox 699 3908 795 3994; x_wconf 81' lang='lat' dir='ltr'>ipsis,</span> <span class='ocrx_word' id='word_1_173' title='bbox 828 3922 880 3974; x_wconf 83' lang='lat' dir='ltr'>aut</span> <span class='ocrx_word' id='word_1_174' title='bbox 902 3911 932 3974; x_wconf 89' lang='lat' dir='ltr'>in</span> <span class='ocrx_word' id='word_1_175' title='bbox 956 3927 1131 3984; x_wconf 78' lang='lat' dir='ltr'>commune,</span> 
     </span>
    </p>
   </div>
   <div class='ocr_carea' id='block_1_7' title="bbox 0 0 1375 4758">
    <p class='ocr_par' dir='ltr' id='par_1_8' title="bbox 0 0 1375 4758">
     <span class='ocr_line' id='line_1_25' title="bbox 0 0 1375 4758; baseline 0 0"><span class='ocrx_word' id='word_1_176' title='bbox 0 0 1375 4758; x_wconf 95' lang='lat' dir='ltr'> </span> 
     </span>
    </p>
   </div>
  </div>
 </body>
</html>
