2758 4760
485 1035 868 1153 nausonu

335 1185 396 1253 DE
427 1192 651 1259 FORTUNA
684 1199 745 1260 ET
779 1199 840 1262 DE
874 1201 999 1264 FATO
1043 1197 1048 1208 ’

181 1301 187 1310 ’
243 1343 275 1381 ει
299 1323 383 1383 Libro
410 1333 446 1411 tl.
473 1332 506 1428 de
535 1283 636 1390 anima.
688 1339 755 1413 Cap.
780 1339 891 1392 XLVII.
918 1354 945 1392 et
973 1342 1099 1395 XLVIII.

322 1489 500 1562 (Interprete
520 1498 631 1566 Angelo
650 1499 773 1552 Cant'nio
795 1502 1007 1568 Anglariensr'.)

555 1680 771 1698 *nn—n.-
789 1673 794 1682 '

588 1809 739 1879 XLVII.
782 1857 785 1862 -

537 1919 589 1980 De
612 1929 789 1983 Fortuna.

226 2049 401 2115 Fortunam
430 2065 460 2116 et
493 2076 599 2118 casum
629 2056 711 2118 inter
739 2057 821 2120 entia
844 2059 1063 2122 connumerari
1091 2061 1165 2122 satis
1188 2083 1193 2111 ι

159 2156 269 2219 testari
297 2169 404 2237 potest
432 2158 606 2222 communis
640 2159 778 2222 omnium
806 2161 988 2238 hominum,
1024 2184 1104 2245 quae
1126 2165 1164 2226 de

160 2260 237 2342 ipsis
259 2241 383 2350 habent¹
403 2260 596 2342 anticipatio.
642 2262 726 2344 Quid
748 2284 827 2326 vcro
853 2263 892 2325 sit
914 2276 1080 2347 utrumque
1107 2287 1163 2328 eo-

85 2407 91 2422 ,
125 2437 136 2462 ⁸
160 2385 247 2439 rum,
272 2376 303 2428 et
320 2363 404 2426 circa
425 2386 506 2446 qnae
525 2364 607 2428 entia
629 2378 791 2443 versetur,
816 2366 981 2430 multitudo
997 2369 1163 2430 doctorum

161 2466 337 2530 accuratius
361 2467 489 2530 definire
511 2468 660 2530 hactenns
690 2491 753 2532 non
775 2469 891 2551 potuit.
935 2471 1048 2553 Neque
1082 2470 1164 2532 enim

141 2585 264 2632 'secaun
286 2567 348 2651 ipsi
376 2592 477 2653 noque
503 2593 572 2633 curn
601 2571 666 2633 aliis
697 2572 888 2634 conveniunt
920 2573 957 2632 de
991 2572 1057 2648 his,
1093 2595 1163 2634 cum

157 2685 260 2735 tamen
285 2694 353 2736 csse
374 2685 541 2757 utrumque
565 2696 674 2738 eorum
694 2675 851 2756 communi
874 2674 1025 2736 sententia
1042 2674 1163 2738 fatean-

147 2788 222 2838 tur.
260 2772 497 2838 Discutiendnm
521 2777 621 2861 igitur
644 2789 675 2840 et
692 2779 946 2859 perpendendum
968 2789 1040 2854 est,
1065 2799 1162 2861 quae·
1264 2836 1265 2840 ,

158 2900 229 2940 nam
251 2879 414 2962 utriusque
436 2891 548 2942 natura
564 2879 620 2956 sit,
645 2902 677 2942 es
697 2880 781 2942 circa
804 2901 880 2962 quas
907 2902 957 2942 res
978 2871 1066 2942 fiant.
1101 2881 1161 2942 Vi-

157 2983 271 3044 dcutnr
297 2982 402 3065 itaque
432 2983 511 3045 haec
536 3003 662 3064 quoque
690 2982 772 3044 inter
798 3003 906 3044 causas
929 2969 1161 3046 connumerari.
1216 3019 1221 3035 x

158 3085 240 3146 Nam
273 3097 303 3148 et
332 3086 475 3148 Fortuna
508 3085 632 3148 videtur
665 3106 732 3149 esse
748 3132 751 3136 -
768 3106 861 3146 causa
891 3105 1001 3147 eorum
1031 3082 1111 3167 quae
1144 3083 1162 3150 a

156 3187 286 3250 fortuna
307 3200 338 3251 et
361 3210 451 3250 casus
476 3209 587 3252 eornm
606 3210 685 3272 mane
706 3208 724 3249 a
746 3209 820 3250 casu
840 3186 931 3250 fiunt.
966 3186 1048 3250 Cum
1063 3187 1160 3274 igitur

156 3312 267 3354 causae
283 3303 420 3375 quatuor
438 3290 510 3368 sint,
536 3295 573 3355 de
593 3292 705 3372 quibus
726 3312 820 3372 saepo
836 3290 988 3352 disserere
1007 3289 1157 3365 solemus,

108 3395 111 3402 ’
156 3394 341 3471 materialis,
376 3394 540 3470 formalis,
572 3396 717 3458 effectiva
736 3406 767 3456 et
791 3391 878 3468 finis,
910 3392 942 3454 in
962 3391 1009 3453 his
1032 3412 1159 3456 necesse

155 3508 202 3558 est
226 3509 394 3581 utrumque
416 3517 527 3560 corum
550 3520 640 3574 esse,
664 3498 691 3561 si
711 3499 807 3560 modo
829 3515 940 3557 causae
961 3506 1044 3556 sunt.
1074 3497 1159 3558 For·

153 3611 260 3662 tunam
287 3589 393 3685 itaque
418 3614 449 3664 ct
473 3623 578 3664 casum
599 3614 747 3683 tanquam
769 3597 928 3661 materiam
953 3619 1158 3681 rerumquae

152 3724 211 3784 per
232 3703 299 3785 ipsa
316 3705 395 3766 fiunt
415 3727 523 3768 causas
542 3725 628 3778 esse,
663 3703 764 3764 nullus
791 3693 956 3781 (arbitror)
978 3700 1156 3763 affirmabit.

151 3807 235 3867 Nam
261 3808 405 3871 Fortuna
428 3830 491 3872 non
514 3819 560 3871 est
584 3804 756 3894 subiectum
779 3806 937 3886 quoddam
960 3803 1156 3887 effiguratum

150 3919 181 3969 et
205 3908 376 3972 formatum
402 3894 586 3994 abaliquo,
624 3921 659 3972 ut
684 3906 831 3982 materia,
870 3927 949 3991 quae
975 3925 1102 3968 manens
1124 3917 1157 3968 et

146 4010 319 4074 subsistens
345 4013 483 4078 sormam
509 4012 644 4097 accipit,
680 4023 710 4074 et
740 4022 787 4074 est
817 4031 910 4073 causa
939 4031 1050 4074 eorum
1076 4029 1155 4092 quae
