2804 4762
4 1813 9 1978 f

382 1491 961 1634 rnrsrlr1o‘

530 1795 765 1820 *ιι-ιη-

209 1987 343 2066 Offero
368 1991 446 2066 iam
472 1991 564 2086 tibi,
599 1994 722 2069 lector
746 1994 947 2088 benevole,
978 2019 1144 2089 novam,
1172 2001 1180 2008 “

41 2181 42 2184 ,
130 2133 249 2206 quam
263 2109 305 2184 in
316 2109 555 2188 Praelatione
570 2113 618 2185 ad
632 2113 854 2187 Sallustium
866 2113 1145 2212 Philosophum

129 2228 405 2328 promiseram,
439 2228 533 2306 libri
549 2230 598 2305 de
620 2231 715 2304 Fato
729 2229 939 2306 Alexandri
956 2230 1147 2336 Aphrodi-

128 2346 264 2422 siensis
290 2349 523 2443 editionem,
551 2375 641 2424 curn
666 2349 855 2424 adiunctis
881 2349 1015 2424 similis
1041 2378 1149 2450 argu·

5 2501 7 2541 ι
131 2469 256 2542 menti
274 2469 664 2545 commentationibus
681 2469 926 2545 brevioribus
944 2495 1035 2546 curn
1053 2471 1148 2550 eius·

130 2585 222 2662 dem
247 2585 477 2683 Alexandri,
504 2600 588 2663 tum
613 2587 815 2679 Ammonii
842 2589 1029 2665 Hermiae
1052 2587 1146 2684 filii,

131 2705 298 2802 Plotini,
323 2709 552 2784 Bardesanis
573 2720 611 2783 et
630 2707 787 2806 Georgii
810 2707 971 2783 Gemisti
994 2709 1146 2786 Pletho·

129 2827 216 2918 nis3
258 2827 300 2903 in
325 2854 402 2926 qua
432 2827 602 2904 editione
638 2828 734 2927 quid
756 2827 980 2928 praestitum
1007 2827 1143 2920 luerit,

130 2948 265 3047 paucis
290 2944 433 3047 accipe.

206 3067 310 3143 Ante
331 3067 461 3145 omnia
488 3067 586 3140 mihi
608 3079 685 3140 tam
707 3066 811 3141 felici
829 3091 909 3142 esse
927 3066 1143 3164 contigisse,

130 3196 178 3259 ut
202 3191 424 3288 complura,
457 3187 537 3261 imo
563 3199 712 3260 tanturn
738 3211 819 3261 non
854 3186 985 3260 omnia
1016 3187 1067 3260 ad
1091 3209 1146 3261 re-

130 3308 369 3384 censendum
382 3305 593 3398 Alexandri
619 3295 765 3382 textirm
791 3304 1002 3382 necessaria
1026 3305 1147 3379 subsi-
1190 3307 1191 3312 ’

122 3425 195 3500 dia
225 3426 321 3502 mihi
356 3451 644 3527 compararem,
687 3437 744 3502 est
769 3449 847 3524 quo
879 3427 1001 3499 laetor
1030 3423 1147 3499 maxi·

129 3569 301 3646 mopere.
353 3549 398 3621 ln
430 3546 571 3646 quibus
597 3545 813 3646 principem
847 3545 979 3619 locum
1011 3553 1146 3621 tenent

132 3661 299 3741 Codices
320 3667 399 3741 duo
421 3666 696 3766 Manuscripti,
721 3665 868 3765 primus
895 3661 1145 3739 Fabricianus

130 3783 174 3858 in
206 3785 449 3864 Bibliotheca
475 3785 594 3885 Regia
622 3784 834 3861 Havniensi
856 3781 1145 3858 instructissima
1272 3779 1278 3796 “

130 3919 364 4000 asservatus,
416 3907 524 3981 cuius
566 3931 655 3980 cum
692 3894 863 3980 editione
905 3900 1147 3984 Londinensi

132 4027 382 4105 collationem
400 4025 680 4105 accuratissime
706 4025 846 4104 factam
868 4035 1146 4126 acceptatam·
