2728 4758
232 351 292 416 182

229 514 318 611 ἀντῷ
339 541 375 604 γε
399 515 503 606 τοῦτρι
530 497 690 600 μείζων”
666 535 708 580 αν
730 535 781 590 τις
805 509 874 599 ίχοι
894 504 998 591 ἀοτίγν
1019 499 1162 593 ἀνάγκη,
1197 501 1236 574 τά

116 618 127 642 “
228 618 274 708 μη
296 617 400 701 ἀυτῆς
431 620 531 697 ἐῖναι,
565 617 736 708 φέρεσθαι
771 616 807 682 δὲ
836 608 896 692 τάς
924 605 1083 731 τοιαύτας
1110 604 1238 703 φοράς,

229 717 437 810 ἀβουλήτους
457 743 491 786 τε
512 722 568 784 καὶ
590 713 759 796 ἀναιτίους
782 711 894 792 ἀείσας.
939 709 994 782 H
1010 709 1135 804 γὰρτὸ
1155 714 1240 796 βου·

228 821 344 908 ληνὸν,
373 823 472 890 τοῦτο
495 823 530 888 δὲ
551 815 573 903 ἢ
595 819 653 902 ἔξω
675 816 696 901 ἢ
718 821 810 899 ε’ίσοι,
841 815 863 900 ἢ
884 813 923 885 τὸ
945 810 1187 904 ἐπιθυμητικὸν
1209 815 1238 892 ⁵)
1322 829 1326 838 '

228 928 391 1009 ἐκίνησεν,
422 921 444 1006 ἢ
472 926 500 992 ἐι
520 925 623 1014 μηδὲν
644 919 778 1014 ὀρεκτὸν
799 922 956 1008 ἐκίνησεν,
992 912 1061 987 οὐδ’
1091 915 1132 986 ἀν
1154 909 1239 996 ὅλος

228 1025 380 1110 ἐκινήθη.
421 1030 627 1114 Γιγνομένων
648 1027 683 1092 δὲ
704 1018 836 1093 πάντων
857 1018 925 1091 κατ’
950 1019 1077 1102 ἀιτίας,
1099 1018 1158 1100 τάς
1178 1025 1240 1108 μέν

229 1136 393 1219 προςεχεῖς
412 1125 538 1222 ἑκάστῳ
553 1122 798 1220 ῥάδιονλαβεῖν
813 1129 929 1208 καλέις
943 1121 1069 1205 ταύτας
1083 1119 1235 1211 ἀνάγειν·

229 1229 301 1302 ὁῑον
322 1235 382 1300 τοῦ
403 1234 543 1320 βαδίσαι
565 1233 610 1310 ἐις
631 1225 758 1322 ἀγορὰν
769 1280 779 1311 ,
814 1226 853 1297 τὸ
875 1226 1037 1312 οἰηθῆναι
1067 1231 1134 1296 δεῖν
1161 1250 1239 1294 τινα

230 1333 309 1404 ἰδεῖν
337 1332 358 1419 ἢ
381 1340 479 1425 χρέος
505 1330 704 1421 ἀπολαβεῖν,
739 1338 795 1400 καί
828 1323 912 1412 ὅλως
936 1334 997 1410 τοῦ
1017 1327 1095 1400 τάδε
1116 1327 1138 1413 ἢ
1159 1325 1239 1398 τάδε

229 1440 371 1506 ἑλέσθαι
392 1443 449 1505 καί
470 1431 636 1530 ὁρμῆσαι·
672 1435 783 1502 ἔπειτα
812 1437 847 1503 δὲ
875 1433 915 1502 τὸ
941 1436 1088 1530 φανῆναι
1110 1428 1240 1526 ἑκάστῳ

212 1539 307 1632 ,τάδε
321 1545 435 1608 ποιεῖν.
478 1543 550 1608 Καὶ
570 1535 615 1606 τά
633 1545 694 1628 μὲν
715 1540 767 1607 ἐπὶ
787 1537 848 1618 τάς
869 1541 984 1628 τέχνας
1004 1533 1156 1626 ἀνάγειν,
1176 1533 1241 1605 .τοῦ

227 1638 366 1729 ὑγιάσαι
387 1637 408 1724 ἡ
432 1638 563 1736 ἰατρικὴ
585 1648 640 1710 καί
664 1637 682 1710 6
712 1639 844 1736 ἰατρὸς,
881 1647 937 1710 καί
965 1645 1025 1710 τοῦ
1051 1641 1241 1724 πλουτῆσαι

228 1741 409 1836 θησαυρὸς
423 1741 634 1836 ῖυρεθείς,”
612 1773 632 1827 η
657 1740 749 1824 δόσις
770 1739 864 1836 πυροί
885 1771 962 1828 του,
988 1741 1010 1828 ἢ
1032 1747 1067 1812 ἐκ
1087 1738 1240 1826 πόνωνῆ

155 1853 157 1861 ’
229 1851 341 1936 τέχνης
359 1848 657 1940 χρηματίσασθαι,
687 1854 743 1915 καὶ
765 1850 825 1916 τοῦ
845 1852 959 1916 τέκνου
981 1843 1000 1916 6
1022 1873 1148 1935 πατηρ,
1180 1851 1238 1920 καί

229 1951 288 2018 ε’ίτι
309 1946 466 2074 σίνεργον
479 1953 526 2030 εἰς
540 1953 757 2020 παιδοποιίαν
771 1948 855 2020 ἀλλο
869 1949 955 2046 πρὸς
968 1948 1073 2020 ἀλλον
1095 1938 1169 2033 4')
1147 1973 1241 2034 ηκον,

229 2049 302 2120 ὁῖον
323 2054 414 2122 σιτία
435 2048 613 2134 τοιάδε,
591 2083 612 2138 η
633 2061 689 2122 καὶ
711 2051 810 2148 ὀλίγῳ
831 2050 1024 2148 προσάτερα
1044 2053 1240 2146 ίυροῦσαῖ)

230 2155 275 2234 ἐις
296 2159 512 2238 παιδοποιίας
526 2152 547 2242 ἡ
562 2155 644 2244 γυνὴ
653 2209 662 2242 ,
684 2153 864 2241 ἐπιτήδειος
884 2160 931 2240 ἐις
951 2154 1070 2240 τόκους
1083 2163 1140 2226 καὶ
1153 2149 1241 2238 ὅλως

230 2259 275 2339 ἕις
296 2254 408 2354 φύσιν.

294 2780 404 2866 Μέχρι
434 2781 496 2866 μὲν
523 2768 583 2848 ἀῖν
615 2773 739 2848 τοίτιιν
763 2773 912 2846 ἐλθόντα
944 2771 1239 2862 ἀναπαύσασθαι,

231 2885 287 2948 καὶ
310 2877 394 2969 πρὸς
414 2877 453 2947 τὸ
479 2877 547 2949 ἀνω
568 2879 613 2966 m}
638 2885 801 2964 ἐθελῆσαι
818 2886 934 2972 χωρεῖν
941 2931 951 2963 ,
971 2877 1133 2972 ραθάμον
1159 2884 1252 2962 ἴσοις.

229 2987 286 3049 καὶ
313 2979 354 3049 06
377 2979 621 3065 κατακούοντος
649 2987 714 3054 τάν
738 2988 789 3053 ἐπὶ
809 2981 853 3051 τά
874 2985 1009 3076 πρῶτα,
1044 2991 1099 3053 καὶ
1120 2987 1173 3054 ε’πλ
1194 2983 1239 3054 τά

228 3086 375 3153 ἐπέκεινα
393 3081 486 3154 ἀίτια
507 3082 674 3158 ἀνιόντων.
719 3083 784 3158 Διά
800 3089 832 3156 τί
848 3084 913 3180 γάρ
934 3090 998 3158 τάν
1018 3085 1125 3158 ἀυτῶν
1143 3114 1239 3176 γενο-

227 3187 354 3306 μένων,
385 3185 457 3258 ἁιον
483 3191 542 3272 τῆς
570 3188 705 3276 σελήνης
730 3186 955 3330 ρανεισάσης
959 3187 978 3258 ὁ
1001 3189 1101 3283 μὲν“
1082 3184 1238 3313 η’ρπασιν

227 3388 248 3457 6
268 3395 363 3479 μέν’
347 3344 516 3478 ειίόσησεν,
549 3392 681 3465 ὁδὲ’
649 3396 710 3480 οιί,
730 3403 786 3466 καί
810 3393 969 3477 πλούσιος
992 3393 1062 3467 ὁδί
1082 3403 1181 3484 πίνης
1200 3402 1236 3470 ἐκ

226 3496 291 3562 τῶν
316 3497 435 3588 ε’ργάνς
481 3501 553 3567 Καὶ
581 3495 701 3591 τρόποι
734 3497 774 3582 δὴ
802 3505 858 3569 καλ
889 3499 964 3584 ηθη
996 3497 1146 3622 διάφρρα
1179 3512 1236 3572 καὶ

225 3592 324 3685 τύχαι
351 3601 404 3668 επὶ
429 3597 473 3669 τά
493 3597 606 3694 πόρῥοι
628 3599 819 3686 ἀξιοῦσιν’
804 3609 888 3674 ιε’ναι
909 3607 945 3686 ¹.)
988 3602 1098 3674 Καὶ
1082 3603 1169 3676 οάτω
1194 3604 1236 3690 δη

225 3695 277 3767 ἀει
301 3697 361 3792 οὐχ
379 3698 570 3791 ἱστάμενοι,
607 3710 719 3793 οἱμὲν
739 3704 843 3798 ἀρχάς
869 3706 1057 3796 σωματικάς
1077 3714 1234 3796 θέμενοι,

226 3799 297 3870 ὁῖον
319 3801 488 3895 ἀτόμους,
516 3809 554 3901 τῇ
577 3804 701 3878 τούτων
721 3814 814 3904 φορᾷ
835 3819 890 3879 καὶ
911 3817 1051 3899 πληγαῖς
1072 3819 1129 3879 καί
1150 3837 1239 3902 ουμ·

224 3911 362 3987 πλοκαῖς
391 3905 475 4000 πρὸς
507 3907 636 3994 άλληλα
670 3918 792 3982 ’ίκαοτα
825 3916 1010 3998 ποιοῦντες,
1048 3911 1111 3986 καῖ
1126 3911 1232 3995 ὁείτως
