2758 4760
286 458 344 521 11⁶

285 623 477 750 ἀναγκαίοις
502 647 535 688 τι
558 626 613 688 καὶ
634 620 997 712 προκαταβεβλημένοις
1015 611 1080 685 ύπδ
1104 617 1161 698 τῆς
1186 617 1303 708 ιἰμαρ

285 733 382 850 μένης
404 725 522 803 άιτίοις
545 727 647 804 έῐναι,
670 716 813 803 66606‘
792 749 835 831 ως
849 725 906 788 καὶ
923 725 993 798 τοῖς
1009 715 1200 812 πράσσουσι
1217 721 1301 790 καθ’

287 829 391 924 ὁρμὴν
412 827 454 896 τά
477 823 545 895 κατ’
573 823 675 894 ἀυτδν
701 829 761 906 ¹⁸),
789 821 826 892 ἐν
847 830 917 902 τοῖς
943 823 1154 914 περιεστῶσιν
1182 817 1306 943 ἀιτίοις

287 942 342 1002 καὶ
367 929 468 1010 ἀυτὸς
504 930 597 997 ἔσται
633 931 962 1050 κατηναγκασμένος,
1001 923 1040 995 οὐ
1070 920 1308 1018 περιστήσεται

287 1040 322 1104 δὲ
308 1042 440 1114 ἑτοῖς
432 1028 617 1126 πράττουσι
641 1029 684 1098 τά
705 1028 751 1119 μὴ
776 1056 840 1096 κατ
873 1025 975 1098 ἀυτύν
999 1033 1053 1112 ¹9).
1101 1029 1140 1094 Οἱ
1165 1033 1200 1095 δὲ
1223 1021 1307 1095 ταύ-
1319 1019 1321 1023 ’

286 1165 346 1260 την
366 1139 425 1205 τού
442 1133 487 1226 μὴ
505 1131 665 1227 πράσσειν
686 1131 730 1200 τά
748 1130 834 1200 κατά
858 1130 935 1212 τούς
955 1128 1078 1222 νόμους
1099 1131 1225 1220 ἔχοντες
1245 1127 1310 1213 τὴν

289 1242 419 1323 άιτῖαν,
440 1231 650 1330 πρόδηλον
629 1265 671 1316 ως
690 1233 750 1304 οὐκ
770 1234 811 1304 ἀν
823 1240 1028 1357 ιμέγοιντο
1006 1233 1137 1357 (πῶς
1101 1260 1165 1326 γαρ
1184 1232 1308 1318 ἀξιοις)

289 1344 327 1413 τὸ
352 1347 432 1431 γοῦν
460 1343 555 1423 2ο)’
540 1365 573 1408 εν
600 1344 670 1418 τοῖς
690 1341 882 1431 περιεστῶσι
907 1332 976 1405 κατ’
1008 1334 1153 1460 ἀνάγκην
1174 1333 1307 1418 ἀιτίοις,

289 1444 340 1526 ύῖς
359 1474 405 1535 μη
393 1443 570 1528 λέπεσθαι
592 1438 712 1509 καθ’(
696 1439 801 1534 ορμὴυ
823 1435 1028 1530 ούχὸῖὸντε,
1051 1429 1168 1524 ούκῆν
1189 1441 1311 1507 ἐκτῶν

290 1543 398 1637 νόμων
419 1544 532 1629 ἀιτῖα,
554 1540 623 1612 κατ’
650 1539 796 1632 ἀνάγκην
824 1540 974 1613 τινὰκαὶ
999 1546 1196 1631 εἰμαρμένην
1220 1569 1310 1634 παρ

290 1656 374 1720 εῖναι
392 1653 603 1737 κεκωλυμένη.
663 1643 769 1714 Ἀλλά
792 1642 899 1726 δύτως
922 1673 958 1735 γε
981 1641 1051 1715 066
1074 1644 1115 1714 66
1135 1642 1237 1734 νόμος
1259 1646 1310 1713 ἔτι

291 1757 357 1837 έῖη,
386 1753 466 1841 ἔχων
488 1753 602 1841 καίπερ
620 1755 786 1839 θεμένους
807 1746 909 1818 ἀυτὸν
932 1746 998 1834 ²¹),
1032 1751 1094 1838 έὶγε
1116 1747 1179 1841 χρὴ
1201 1745 1327 1842 τούτῳ,

290 1858 481 1925 πείθεσθαι
509 1856 612 1974 λέγειν
638 1855 672 1935 ἐξ
696 1849 841 1940 ἀνάγκης
864 1855 1061 1942 ἑπομένους,
1089 1857 1143 1918 καὶ
1164 1849 1243 1930 τούς
1263 1849 1311 1938 μὴ

291 1961 529 2077 πειθομένους
540 1951 605 2023 ὑπὸ
628 1950 772 2078 ἀνάγκης
798 1951 889 2034 τινὸς
912 1956 1105 2024 πείθεσθαι
1130 1958 1312 2044 κεκωλυμέ·

289 2088 383 2182 νρυς,
420 2051 502 2126 ὥστε
533 2054 689 2126 πολλάν
720 2055 994 2180 ἀληθέστερον
978 2061 1025 2141 εἰη
1052 2060 1307 2178 συνειλημμένον

291 2162 350 2231 τὸ·
368 2160 458 2230 ”Ει’
440 2185 510 2228 εστι
526 2154 665 2240 τοιαύτη
680 2160 878 2280 ἑιμαρμένη,
901 2156 960 2226 οὐκ
983 2159 1053 2226 ἐστι
1072 2156 1190 2250 νόμος,
1213 2156 1311 2228 ἀναι-

293 2266 513 2359 ρουμένουδὲ
537 2257 658 2351 νόμου,
681 2268 737 2328 καὶ
758 2259 817 2329 σὺν
836 2258 926 2329 ἀυτῶ
943 2257 1182 2354 ἀμαρτύματύς
1200 2289 1235 2330 τε
1254 2268 1310 2330 καὶ

293 2361 579 2458 κατορθώματος,
612 2359 769 2455 ἀναιροῖτ
801 2360 842 2433 ἀν
867 2332 928 2445 (ἀς
954 2371 1010 2433 καὶ
1039 2362 1134 2434 ἀυτοὶ
1166 2362 1224 2433 διά
1251 2367 1311 2448 τῆς

294 2465 505 2546 ἀκολουθίας
525 2461 774 2554 ἐλάμβανον
734 2492 792 2549 της
816 2465 903 2534 κατά
922 2465 979 2536 τδν
998 2464 1059 2556 λόγ
1060 2466 1172 2551 ον,)’
1153 2463 1253 2561 αρετή
1276 2495 1311 2537 τε

294 2579 350 2642 καὶ
375 2572 501 2652 κακία,
527 2575 582 2697 κιγὶ
610 2566 649 2635 τὸ
675 2571 757 2636 ε’ῖναῖ
782 2595 814 2636 τι
840 2572 873 2639 έν
894 2566 1132 2691 ἀνθρύποις’
1112 2568 1257 2664 αισχρόν
1276 2598 1310 2640 τε

295 2681 351 2744 καὶ
373 2669 491 2754 καλου,
512 2677 568 2740 καὶ
588 2667 757 2740 ἐπαινετόν
777 2698 811 2739 τε
833 2678 889 2740 καὶ
908 2671 1053 2768 ψεκτὸν,
1075 2681 1130 2743 καὶ
1152 2677 1250 2764 τιμῆς
1276 2702 1310 2744 τε

296 2785 351 2846 καὶ
383 2770 550 2860 κολάσεως
577 2771 680 2856 ἀξιον.
737 2771 888 2843 ούδέ”ν
865 2803 933 2869 αρα
962 2781 1050 2863 μένει
1074 2779 1133 2846 τοῦ
1157 2774 1222 2856 ὑπὸ
1252 2781 1311 2847 τού

296 2876 381 2970 μετά
397 2872 563 2959 τοσαύτης
577 2881 689 2966 τέχνης
706 2873 914 3003 ἦρωτημένου
929 2876 1029 2968 λόγου
1045 2883 1312 2971 κατασκευασμέ-

298 3009 358 3051 νου
380 2984 437 3064 ²²).
475 2976 724 3064 Ἀκολουθήσω
746 3007 780 3048 τε
801 2978 915 3061 ἀυτοῖς
936 2980 1122 3105 ἀρξαμένων
1145 2979 1311 3068 κάτωθεν,

299 3077 554 3165 ἀκολουθία,ι
531 3077 584 3204 66
607 3087 754 3151 ἕπεσθαι
780 3087 912 3171 λέγουσι
935 3093 1006 3166 τοῖς
1029 3083 1174 3178 ἀναιρεῖν
1195 3114 1313 3182 πειρω·

298 3191 411 3276 μένοις
428 3183 466 3254 τὸ
492 3180 542 3280 ἐφ
567 3181 643 3306 ἡμῖν
666 3188 766 3267 ε’ῖναι,
789 3183 832 3266 ὠς
854 3183 950 3256 ἀυτοὶ
967 3191 1139 3280 τηροῦντες
1162 3187 1250 3273 ²³)
1233 3217 1313 3281 ομο

299 3285 545 3378 λογουμένως
526 3285 626 3369 αυτδ,
659 3285 768 3355 διά
735 3314 773 3354 το
795 3287 1004 3416 προβάλλειν
1017 3289 1175 3372 ἀλλοις
1155 3300 1314 3387 ἀφαιρεῖν

299 3389 398 3461 ἀυτὸ.
408 3385 475 3474 2¹6),
522 3392 568 3483 τῷ
600 3386 645 3478 μὴ
675 3393 781 3459 δοκεῖν
808 3389 996 3482 ἔχεσθαι
984 3389 1004 3462 6
1036 3402 1093 3463 καὶ
1122 3394 1313 3490 διαφεύγειν

299 3489 467 3581 ἡγοῦνται
486 3493 544 3573 ²⁵).
582 3487 633 3560 Ἐι
661 3490 725 3585 γάρ
751 3489 797 3582 μή
822 3498 885 3564 εἰσι
909 3503 1017 3584 τιμαὶ,
1051 3503 1133 3588 μηδὲ
1162 3497 1315 3580 κολάσεις

300 3593 427 3663 ούδδ”
409 3621 554 3676 επαινοι,
599 3591 674 3663 οὐδὲ
660 3594 824 3688 ἐεμόγοι,
862 3600 889 3665 ἐι
922 3603 956 3668 δὲ
942 3598 1034 3690 ἐμὴ
1063 3605 1193 3685 ταῦτα,
1239 3600 1313 3672 οὐδὲ

302 3692 556 3790 κατορθώματά
576 3723 611 3765 τε
636 3705 691 3765 καὶ
720 3695 960 3792 ἁμαρτήματα,
998 3731 1026 3772 ει
1051 3708 1086 3773 δ
1112 3703 1176 3836 μὴ
1189 3709 1313 3787 ταῦτα,

300 3909 392 3972 θεοι
442 3898 547 3971 Ἀλλά
574 3901 640 3993 μὴν
666 3901 704 3971 τὸ
728 3907 875 3998 πρῶτον,
911 3907 950 3976 τὸ
975 3907 1020 3995 μὴ
1048 3913 1132 3980 έῖυαι
1155 3909 1239 4000 μήτε
1266 3940 1314 3981 τι·

300 4004 367 4094 μάς
396 4005 446 4090 ²⁰)
483 4003 565 4095 μήτε
595 4001 747 4086 κολάσεις
781 4012 893 4079 ἕπεται
929 4015 976 4106 τῷ
1009 4008 1119 4083 πάντα
1154 4018 1315 4102 γίνεσθαι
