2758 4760
1022 385 1035 410 ἱ

205 455 211 468 ,
282 411 342 474 138

275 576 353 657 τούς
367 577 410 646 τοὶ
423 574 530 673 ψεύδη
542 578 814 664 πεπιστευμένους
824 579 941 665 λέγειν)
957 575 1049 661 ἄξιον
1060 567 1279 668 ἧμοίςύνωθεν

259 679 476 782 χοίρξαμένονς
496 680 575 748 ἰδεῖν
591 683 639 760 τίς
653 685 733 748 ποτέ
755 684 842 748 ἐστιν
859 677 880 762 ἡ
900 679 999 775 (μύσος
1021 685 1127 750 καὶέν
1149 685 1214 751 τίσι
1230 691 1280 751 καὶ

274 790 368 877 μέχρι
385 781 492 853 πόσου
515 782 573 866 τὴν
596 781 689 872 ἰσχύν
710 783 784 872 ἔχει.
826 786 897 851 Καὶ
918 779 1051 875 πρῶτόν
1064 811 1099 871 γε
1117 793 1189 876 περὶ
1205 794 1280 854 ποῖα

275 892 339 955 τῶν
360 885 463 956 ὄντων
483 892 527 969 ¹⁰)
549 883 685 974 ε’ύλογον
701 882 805 968 ἄντην
823 890 926 972 λέγειν
940 891 1038 966 ἐῐναι,
1061 882 1281 980 διασκεψώμε-

275 996 348 1057 θα·
369 993 468 1057 τοῦτο
483 988 547 1082 γὰρ
569 987 714 1082 φανερὸν
732 985 905 1077 γενόμενον
928 988 993 1080 πρὸ
1015 991 1112 1081 ἔργων
1135 994 1174 1074 ¹¹)
1195 989 1282 1078 γενύ-

275 1117 369 1161 σεται
389 1101 445 1160 καὶ
461 1091 544 1184 πρὸς
565 1091 608 1158 τίι
626 1090 713 1158 ἄλλα
735 1089 777 1158 τὰ
799 1089 978 1181 ζητούμενα
996 1100 1068 1184 περὶ
1081 1090 1194 1174 ἇυτῆς.
1238 1092 1282 1161 Τὸ

273 1205 334 1286 μέν
356 1193 414 1264 ὀῦν
439 1200 522 1264 πᾶσι
547 1201 617 1273 τοῖς
639 1192 733 1262 ὀύσιν
755 1191 940 1262 ἐπιτάσσειν
958 1192 1081 1277 ἄντην,
1102 1203 1158 1263 καὶ
1178 1193 1282 1263 πάντα

274 1305 377 1387 λέγειν
392 1302 475 1368 ε’ῑνοιι
497 1297 539 1366 τόι
562 1297 644 1366 ὄντα
662 1293 744 1364 καθ’
769 1299 984 1388 ίιμαρμένην,
1007 1295 1127 1386 ὁμοίοις
1142 1297 1235 1365 οίίθιοί
1251 1325 1282 1365 τι

274 1411 330 1471 καὶ
347 1401 411 1492 μὴ,
440 1399 514 1470 ὀύτε
533 1398 667 1487 ε’ύλογον
689 1397 798 1477 ἄλλως
822 1396 899 1466 οὐθ’
923 1396 988 1466 ὑπὸ
1013 1403 1077 1468 τῶν
1102 1398 1282 1489 ὑμνούντων

273 1505 421 1596 μάλιστα
434 1502 493 1587 τὴν
511 1507 707 1594 ἱιμοιρμένην
720 1498 762 1580 ὡς
774 1499 884 1570 ἆιτίαν
899 1504 1170 1592 τῶνγιγνομένωυ
1184 1501 1282 1572 ἀποίν-

273 1635 354 1691 των,
377 1604 650 1698 ὁμολογούμενον,
687 1600 781 1673 ’θύτε
801 1602 866 1697 γὰρ
891 1604 935 1671 τοι
953 1603 1048 1673 ἀΐδια
1068 1605 1150 1675 καθ’
1175 1611 1283 1698 έιμαρ-

274 1717 373 1794 μένην
388 1713 472 1779 ε’ῐναι
487 1706 643 1790 τοιαύτην
661 1713 763 1795 λέγειν
779 1706 929 1794 ε’ύλογον·
951 1714 1079 1794 γελοῖον
1093 1709 1158 1801 γὰρ
1174 1709 1211 1777 τὸ
1229 1710 1283 1791 τὴν

274 1812 450 1907 διάμετρον
467 1813 512 1894 ¹²)
538 1809 746 1904 ἀσύμμετρον
765 1812 804 1906 τῇ
824 1814 950 1903 πλευρᾷ
971 1816 1074 1899 λέγειν
1096 1817 1182 1881 ἐῖναι
1203 1811 1278 1881 καθ’

273 1922 485 2010 έιμαρμένην,
507 1914 528 1998 ἢ
546 1914 584 1983 τὸ
605 1917 761 2003 τρίγωνον
776 1912 832 1981 διὰ
847 1917 945 1982 τοῦτο
963 1919 1056 1982 δυσὶν
1071 1911 1200 2006 ὀρθαῖς
1214 1919 1282 1994 ἴσας

273 2022 354 2111 ἔχειν
373 2020 436 2100 τὰς
456 2017 547 2098 ἐντὸς
568 2021 706 2106 γωνίας·
736 2023 790 2084 καὶ
812 2014 969 2086 καθόλου
988 2016 1032 2084 τὰ
1053 2015 1104 2086 ἀεὶ
1129 2017 1216 2086 κατὰ
1243 2026 1283 2084 τὰ

272 2123 359 2194 ἆυτόι
377 2132 433 2192 καὶ
448 2120 599 2202 ὡςαύτως
614 2123 730 2210 ἔχοντα
744 2119 896 2210 οὐδαμῶς
918 2118 1051 2208 έύλογον
1069 2120 1153 2189 καθ’
1174 2125 1281 2212 ίιμαρ-

274 2234 372 2318 μένην
403 2223 506 2305 ὁύτως
538 2228 620 2314 ἔχειν
644 2230 756 2311 λέγειν.
805 2221 893 2292 Ἀλλ’
929 2221 1005 2291 οὐδὲ
1037 2221 1081 2290 τοι
1110 2222 1281 2313 γιγνόμενα

273 2328 398 2400 πάντα·
421 2322 485 2396 ὅσα
504 2327 567 2418 γὰρ
587 2333 640 2394 καὶ
662 2323 786 2395 τούτων
808 2323 964 2394 ἐύτακτόν
985 2353 1019 2394 τε
1036 2333 1093 2395 καὶ
1108 2325 1282 2420 ὡρισμένην

269 2435 334 2523 ἔχει
355 2431 415 2514 τὴν
438 2433 561 2518 γένεσίν
582 2457 615 2497 τε
643 2437 698 2497 καὶ
719 2433 861 2513 κίνησιν,
894 2431 951 2512 ἔξω
969 2432 1079 2499 πίπτει
1101 2441 1159 2500 καὶ
1180 2435 1281 2499 ταῦτα

270 2540 329 2621 τῆς
351 2539 555 2627 εἰμαρμένης.
614 2530 659 2600 Ού
682 2531 748 2621 γὰρ
776 2529 859 2620 καθῖ
881 2535 1077 2621 εἰμαρμένην
1098 2531 1117 2601 ὁ
1139 2528 1232 2618 ἥλιος
1251 2537 1281 2602 ἐν

267 2645 464 2731 χειμερινοῖς
484 2634 505 2719 ἢ
527 2642 683 2726 θεριναῖς
704 2642 843 2726 τροπαῖς
863 2639 1026 2722 γίγνεται,
1055 2634 1134 2705 οὐδὲ
1149 2643 1282 2706 ἕκαστον

182 2759 187 2776 ‘
271 2747 335 2812 τῶν
356 2741 701 2832 ἄστρωνεέιμαρμένην
723 2736 833 2807 ἆιτίαν
851 2739 915 2828 ἔχει
935 2742 993 2822 τῆς
1015 2737 1140 2821 οἰκείας
1161 2745 1280 2836 φορᾶς·

195 2913 198 2920 ,
271 2843 340 2914 ἄλλ’
362 2845 451 2911 ἔστιν
468 2835 570 2932 ίίςπερ
589 2839 676 2908 κατὰ
693 2837 731 2907 τὸ
746 2844 829 2909 έῐνοιι
842 2847 897 2908 καὶ
911 2839 971 2925 τὴν
988 2841 1106 2912 οὐσίαν
1124 2843 1282 2934 ἐλεύθερα

268 2952 328 3032 τῆς
341 2943 497 3028 τοιαύτης
513 2941 629 3022 οὐσίας
639 2943 671 2981 ¹²
681 2948 729 3026 a),
752 2941 855 3023 ὁύτως
866 2948 902 3012 δὲ
917 2953 972 3013 καὶ
987 2946 1073 3014 κατὰ
1089 2947 1152 3027 τὰς
1166 2948 1281 3026 οἰκείας

269 3053 437 3143 ἐνεργείας.
497 3046 557 3117 Διὸ
584 3051 647 3115 τῶν
674 3056 734 3135 μέν
757 3045 869 3115 ἀϊδίων
893 3047 915 3130 ἢ
940 3048 1027 3117 κατύι
1048 3050 1093 3118 τοὶ
1118 3051 1207 3120 ἆυτὰ
1230 3058 1281 3119 καὶ

269 3152 420 3235 ὡςαύτως
447 3149 498 3219 ἀεὶ
521 3155 719 3238 γιγνομένων
744 3147 875 3229 οὐδενὸς
902 3147 1009 3220 ἆίτιον
1036 3149 1057 3235 ἡ
1088 3156 1281 3248 ίιμαρμένη,

269 3263 361 3327 δοκεῖ
377 3260 413 3324 δέ
439 3258 472 3323 ἐν
489 3261 558 3333 τοῖς
582 3257 616 3320 έν
635 3258 756 3340 γενέσει
776 3257 831 3318 καὶ
850 3259 974 3347 φθορᾷ
992 3253 1031 3322 τὸ
1049 3261 1110 3339 τῆς
1130 3262 1281 3348 έιμοιρμέ·

266 3389 324 3445 νης
348 3362 442 3451 ἔργον
463 3361 557 3425 ἒῑναι.
594 3353 650 3424 Ἐν
671 3355 736 3449 γὰρ
757 3362 828 3436 τοῖς
853 3361 1044 3442 ἐπιτηδείοις
1066 3355 1151 3431 ὅσον
1173 3366 1225 3432 ἐπὶ
1245 3348 1280 3452 tq}

267 3465 390 3560 φυσικῇ
412 3459 602 3553 παρασκευῇ
626 3457 709 3551 πρὸς
731 3457 774 3527 τὰ
792 3457 994 3550 ἀντικείμενα
1007 3465 1068 3546 τῆς
1086 3468 1280 3558 έιμαρμένης

267 3565 358 3656 ἰσχύς
382 3569 466 3633 ε’ῖναι
488 3568 580 3635 δοκεῖ
585 3611 593 3644 ,
631 3565 664 3629 ἐν
682 3567 819 3654 θατέρῳ
844 3567 907 3632 τῶν
933 3563 1163 3655 ἀντικειμένων
1191 3571 1280 3635 κατί-

265 3663 374 3760 χοίισα
394 3663 481 3735 ύυτόι
498 3669 554 3732 καὶ
572 3661 789 3758 φυλάττουσα
807 3663 893 3732 κατοί
909 3694 985 3735 τινα
998 3666 1120 3753 τάξεως
1142 3670 1279 3739 ἀκολου-

268 3775 365 3842 θίαν.
405 3764 454 3839 “A
477 3766 555 3864 γόιρἱ
568 3765 627 3835 ούκ
651 3766 693 3836 ἂν
710 3764 814 3846 ὁύτως
833 3769 896 3857 ίγει
917 3767 959 3852 ¹³)
981 3768 1057 3842 ἄνευ
1084 3778 1145 3856 τῆς
1169 3776 1280 3861 ἑιμαρ·

258 3882 382 3966 μένης,
409 3875 518 3941 ταῦτα
547 3867 640 3961 παρὰ
670 3874 727 3954 τῆς
752 3873 946 3961 εἰμαρμένης
968 3877 1001 3943 έν
1025 3875 1101 3969 τῇδε
1123 3877 1164 3971 τῇ
1193 3870 1278 3957 τάξει

264 3976 501 4067 φυλάττεσθαι
527 3979 619 4044 δοκεῖ
626 3989 634 4006 ·
670 3975 810 4042 τοιαῦτα
837 3977 874 4041 δέ
892 3977 980 4044 ἐστιν
1003 3974 1064 4045 οὐκ
1092 3974 1181 4046 ἄλλοί
1206 4001 1276 4045 τινα
