2758 4760
1064 385 1123 448 tto

114 571 172 632 per
195 532 357 621 accidens,
389 547 415 608 si
436 549 468 608 id
491 545 613 609 medico
637 547 778 630 accidens
799 538 906 612 suerii.
951 552 1122 617 Praeterea

115 673 173 733 per
196 650 339 712 accidens
369 648 505 710 medicus
539 660 586 710 est
615 671 707 712 causa
738 651 883 714 effectiva
916 654 1119 737 gracilitatis,

113 753 252 834 exempli
281 773 395 828 causa,
427 752 454 814 si
482 751 528 813 itti
560 751 614 834 qui
647 765 791 828 curatur,
831 754 862 816 id
885 755 1025 819 accidens
1053 757 1124 820 sue·

88 856 165 919 rit.
213 857 319 936 Quum
340 854 438 938 igitur
465 875 631 936 ¹causarum
660 859 810 936 quaedam
842 878 901 938 per
935 881 986 934 se,
1025 881 1123 941 quae-

115 963 184 1022 dam
215 980 273 1040 per
303 957 463 1031 accidens,
507 969 537 1018 et
565 955 647 1018 inter
676 979 783 1020 causas
812 981 871 1040 per
895 983 929 1022 se
957 963 1034 1043 poni
1058 979 1124 1026 non

112 1073 219 1146 potest
247 1061 315 1143 ipsa
338 1061 501 1136 Fortuna,
536 1059 692 1141 reliquum
721 1073 768 1124 est
796 1072 832 1128 ut
861 1065 899 1124 ad
928 1085 1036 1126 causas
1064 1087 1124 1147 per

112 1165 257 1228 accidens
279 1174 470 1227 revocetur:
495 1183 576 1244 quae
599 1160 680 1224 enim
702 1161 789 1225 finita
811 1185 847 1225 ae
869 1165 933 1226 fixa
952 1181 1040 1242 snut,
1064 1189 1123 1249 per

112 1267 258 1330 accidens
280 1287 349 1328 esse
371 1287 436 1328 non
456 1276 609 1346 possunt:
648 1286 729 1346 quae
751 1278 854 1329 autem
876 1289 935 1348 per
957 1269 1119 1347 accidens,

110 1369 273 1434 indefinita
313 1380 407 1450 atque
441 1367 596 1432 instabilia
633 1379 721 1445 sunt,
770 1369 945 1444 cuiusmodi
980 1373 1123 1438 Fortuna

110 1494 241 1557 quoque
271 1491 339 1536 esse
367 1471 462 1534 solet.
521 1470 685 1535 Indefinita
719 1470 800 1536 enim
829 1493 909 1554 quae
932 1495 1042 1536 causae
1064 1497 1123 1557 per

109 1598 144 1640 se
168 1587 199 1638 et
229 1573 361 1657 proprie
394 1573 440 1635 sio
468 1572 567 1636 dictae
598 1573 738 1636 arridere
769 1587 919 1656 possunt,
960 1578 1063 1642 omnia
1091 1589 1123 1641 et

109 1681 180 1762 ipsa
205 1699 316 1740 causae
345 1698 404 1758 per
433 1671 574 1740 accidens
604 1677 695 1742 fiunt.
755 1677 817 1740 Sed
848 1678 875 1740 si
903 1681 1046 1745 Fortuna
1075 1693 1123 1746 est
1169 1710 1172 1726 ι
1216 1749 1219 1763 p

109 1804 205 1844 eausa
227 1802 286 1862 per
310 1779 471 1852 accidens,
508 1791 639 1858 oportet
660 1790 695 1842 ut
718 1779 810 1842 alicui
832 1803 1016 1858 causarum,
1042 1807 1121 1866 qiua
1167 1861 1173 1866 ᾖ

81 1891 85 1898 ’
108 1883 245 1968 proprie
271 1882 435 1962 dicuntur,
472 1881 604 1945 accidat.
650 1882 754 1962 Quum
777 1882 874 1966 igitur
897 1885 1041 1952 Fortuna
1064 1888 1120 1950 ali.

11 2017 21 2022 ·
109 1988 202 2051 ouius
219 1983 273 2047 'rei
295 1984 441 2047 effectiva
463 2005 556 2046 causa
578 2005 645 2046 esse
669 1985 793 2046 videtur
811 1981 925 2068 (quae
954 1989 1035 2053 enim
1063 2013 1122 2071 per

90 2093 290 2175 ,Fortunam
312 2099 401 2162 sunt,
432 2109 450 2149 a
472 2087 618 2149 Fortuna
640 2085 768 2151 dicimus
791 2087 861 2150 fieri
883 2101 914 2154 et
934 2090 1018 2154 facta
1040 2095 1121 2170 esse)

89 2205 199 2272 ,certe
229 2213 310 2273 opus
340 2202 413 2266 est,
448 2201 482 2251 ut
509 2189 541 2252 in
575 2189 677 2272 aliqua
710 2190 924 2256 effectivarum
957 2181 1121 2262 causarum

106 2297 206 2372 insit,
244 2294 388 2358 simodo
410 2294 515 2356 locum
538 2314 703 2355 causarum
726 2305 890 2364 servatura
911 2294 963 2362 sit.
1021 2297 1121 2380 Atqui

110 2420 225 2464 causae
247 2397 379 2478 proprie
401 2395 565 2461 effectivae
588 2403 666 2457 suut'
680 2408 808 2476 natura,
843 2418 894 2460 ars
918 2410 948 2460 et
969 2401 1120 2480 proposi.

108 2515 177 2566 tum
201 2500 268 2563 sive
292 2499 426 2573 electio;
457 2499 561 2562 omnia
584 2497 683 2574 enim,
719 2521 799 2581 quae
822 2500 953 2581 proprie
973 2502 1060 2565 finite
1082 2525 1121 2570 ae

107 2616 197 2670 certe
219 2601 365 2664 effectiva
387 2613 476 2678 sunt,
514 2601 615 2686 gratia
637 2601 766 2668 alicuius
788 2603 858 2664 finis
882 2625 937 2681 ea,
976 2626 1057 2687 quae
1079 2607 1120 2674 ab

107 2708 187 2791 ipsis
203 2707 299 2781 fiunt,
325 2705 473 2769 efficiunt.
517 2706 580 2767 Sed
601 2703 741 2771 videmus
765 2705 869 2771 omnia
890 2719 970 2788 quae
988 2707 1119 2776 alieuius
1145 2696 1149 2704 i
1170 2772 1173 2785 ,

108 2811 158 2876 rei
180 2831 275 2872 eausa
295 2809 393 2884 fiunt,
425 2810 465 2870 ab
488 2807 594 2890 aliquo
617 2810 732 2874 horum
753 2807 841 2871 fieri:
873 2811 1000 2875 Horum
1021 2811 1119 2896 igitur

110 2911 342 2982 aliouiacridit
363 2911 432 2993 ipsa
455 2911 611 3010 Fortuna.
656 2912 761 2991 Quum
783 2932 862 2978 voro
888 2911 919 2975 in
941 2915 1035 2982 rebus
1059 2936 1118 2982 vo·

107 3015 254 3082 luntariis
278 3015 401 3078 videtur
423 3034 492 3076 esse
515 3011 659 3076 Fortuna
681 3015 732 3094 (ea
754 3013 834 3076 enim
857 3017 1035 3083 aFortuna
1050 3017 1119 3086 fieri

108 3121 255 3194 dicimus,
282 3139 417 3200 quorum
434 3115 534 3200 gratia
549 3116 576 3178 si
592 3117 790 3192 statuerimus
813 3137 908 3202 agere
932 3118 1058 3200 aliquid,
1084 3131 1119 3188 ut

109 3247 150 3288 ea
172 3241 391 3305 assequamur,
430 3219 461 3282 in
491 3219 603 3302 quibus
631 3221 747 3288 bonam
770 3221 944 3288 Fortunam
967 3223 1116 3297 dicimus,

110 3340 165 3401 aut
188 3327 300 3390 sinon
330 3343 552 3405 assequamur,
591 3325 628 3388 de
657 3323 770 3404 quibus
802 3323 919 3389 malam
944 3325 1137 3390 Fortunam·

108 3428 356 3514 praedicamus).
415 3427 557 3489 Fortima
582 3426 686 3508 itaque
708 3425 842 3492 hominis
865 3427 1059 3490 voluntatem
1081 3449 1119 3490 ao
1217 3466 1219 3474 ,

110 3531 316 3618 propositum
338 3541 504 3612 sequetur,
529 3540 560 3592 et
581 3528 612 3591 in
634 3530 682 3592 his
705 3551 798 3610 eausa
814 3529 873 3594 erit
887 3550 946 3611 per
960 3531 1116 3598 arridens·

111 3635 248 3718 Quoties
278 3633 359 3698 enim
388 3631 480 3704 uobis
514 3630 630 3713 aliquid
662 3653 702 3696 ex
733 3632 902 3713 proposito
934 3634 1115 3718 agentibus,

111 3763 178 3804 nou
200 3736 385 3820 propositus
408 3735 478 3800 finis
501 3745 665 3810 occurrat,
690 3746 724 3794 ut
739 3735 939 3812 volebamus,
964 3740 1020 3800 sed
1035 3737 1118 3806 aliud

110 3843 190 3927 quid
211 3863 271 3923 per
294 3839 436 3904 accidens
458 3838 529 3912 fiat,
569 3837 650 3904 actio
679 3837 732 3902 illa
764 3859 805 3900 ex
831 3840 1001 3921 proposito
1025 3861 1119 3904 causa

114 3959 162 4010 est
184 3947 250 4010 eius
273 3945 359 4026 quod
381 3941 536 4016 occurrit,
571 3943 626 4008 sed
647 3961 711 4008 non
732 3942 907 4024 propositi,
946 3954 1020 4005 tuuc
1043 3943 1117 4005 dici-

808 4044 826 4104 9
