2728 4758
274 454 335 519 194

273 611 408 726 φύσείς,
427 617 525 700 ’ίππος
549 626 609 708 μὲν
635 611 686 686 ὅτι
708 615 740 701 ἐξ
762 611 884 699 ἵππου,
914 623 969 685 καὶ
991 610 1244 709 άνδρωπος,’“
1224 642 1305 686 στι

273 728 306 810 ἐξ
322 717 524 817 άνδριύπου,
552 727 607 790 καὶ
630 716 818 803 τοιόςδε,’
808 712 860 787 ότι
879 721 913 786 ἐκ
935 721 1073 787 τοιοῦδε.
1107 717 1216 788 Ἔστω
1242 723 1332 788 δὲ·

274 854 428 922 συνεργος
444 853 465 908 η
487 827 548 893 τοῦ
569 823 693 904 παντὸς
711 819 804 912 φορά
824 824 1041 913 συγχωροῦσα
1055 821 1092 890 τὸ
1107 820 1190 892 πολύ
1209 831 1281 903 τοῖς

270 935 472 1020 γινομένοις·
509 927 655 996 ἔστωσαν
680 930 716 996 δὲ
738 923 821 1018 πρὸς
843 925 884 992 τά
909 928 968 994 τοῦ
993 922 1146 1015 σώματος
1171 925 1282 996 πολλὰ

273 1034 464 1124 σωματικάς
485 1027 645 1114 διδόντες,
681 1025 898 1122 θερμότητας
921 1036 977 1098 καὶ
997 1026 1111 1124 ψύξεις
1137 1037 1193 1098 καὶ
1215 1056 1280 1099 σω-

192 1207 196 1214 ,
272 1133 390 1228 μάτων
406 1129 538 1228 κράσεις
560 1128 879 1212 ἐπακολουθούσας·
900 1134 968 1212 πῶς
987 1133 1046 1201 ὀύν
1069 1133 1111 1204 τά
1126 1131 1201 1217 ἤδη
1224 1140 1283 1201 καὶ

273 1239 317 1310 τά
336 1233 592 1328 ἐπιτηδεύματα,
625 1243 681 1304 καὶ
705 1231 853 1325 μάλιστα
879 1232 938 1325 ούχ
965 1228 1030 1304 ὅσα
1052 1239 1144 1306 δοκεῖ
1164 1231 1283 1330 κράσει

274 1337 432 1434 σωμάτων
449 1335 614 1410 δουλεύειν
630 1341 676 1422 ¹),
699 1335 770 1407 ὁῑον
790 1335 1019 1432 γραμμάτικύς
1044 1355 1095 1420 τις
1123 1346 1179 1408 καὶ
1199 1367 1283 1428 γεω-

273 1443 424 1540 μετρικὸς
448 1450 504 1514 καὶ
523 1437 728 1532 κυβευτικὸς,
757 1447 813 1509 καὶ
834 1444 936 1510 τῶνδέ
955 1469 1006 1523 τις
1027 1443 1174 1532 ίυρίτης;
1206 1447 1283 1512 Πο-

198 1577 200 1584 ·
272 1552 374 1643 νηρίοῖ
398 1551 434 1617 δὲ
456 1545 568 1630 ἤθους
587 1541 912 1638 παρά-θεῶν’ίίντων
940 1547 969 1628 ²)
999 1549 1068 1627 πῶς
1092 1544 1133 1616 άν
1157 1547 1283 1630 δοθείη

273 1661 330 1723 καὶ
356 1645 440 1730 ὅλως
470 1646 536 1742 ὅσα
559 1653 711 1737 λέγονται
741 1643 870 1718 διδόναι
894 1647 996 1731 κακά,
1032 1646 1229 1740 κακούμενοι
1251 1653 1282 1734 ⁵)

273 1749 327 1825 ὅτι
347 1751 502 1836 δύνουσι,
525 1758 580 1820 καὶ
605 1744 658 1819 ὅτι
679 1747 744 1819 ύπὸ
764 1754 826 1841 γῆν
846 1756 1006 1846 φέρονται
1032 1745 1134 1847 άςπερ
1156 1749 1282 1848 διάφο-

273 1855 333 1951 ρόν
357 1883 390 1926 τι
411 1851 669 1946 παρασχόντων,
691 1859 720 1922 ἐι
741 1853 824 1948 πρὸς
848 1853 936 1945 ἡμᾶς
960 1851 1102 1939 δύνοιεν,
1123 1853 1193 1924 ἀλλ’
1219 1853 1281 1926 ούκ

173 1953 174 1958 ¹
273 1959 324 2033 άεί
346 1965 396 2031 ἐπὶ
414 1961 562 2056 σφαίρας
584 1957 740 2053 οὐρανίας
757 1963 944 2054 φερομένων
964 1965 1020 2028 καὶ
1036 1957 1120 2053 πρὸς
1140 1956 1201 2042 τὴν
1217 1963 1282 2048 γῆν

169 2081 173 2097 ‘
274 2065 333 2150 τὴν
363 2061 466 2148 ἆυτην
497 2061 635 2152 ἐχόντων
667 2065 795 2152 σχίσας
834 2059 917 2130 Οὐδὲ
950 2067 1078 2132 λεκτέον
1104 2059 1147 2143 ὡς
1177 2061 1282 2145 ἄλλος

273 2167 376 2238 ἄλλον
401 2165 478 2236 ίδών
506 2168 582 2249 τῶν,
598 2167 690 2234 θεῶν
718 2159 787 2233 κατ’
812 2161 915 2250 άλλην
939 2173 995 2234 καὶ
1025 2163 1128 2248 ἄλλην
1160 2163 1281 2237 στάσιν

270 2275 400 2400 χείρων
412 2267 434 2354 ἢ
464 2272 615 2363 κρείττων
641 2269 781 2357 γίνεται,
816 2259 860 2348 άς
891 2295 925 2336 τε
953 2271 1194 2350 δυσοδοῦντας
1218 2279 1280 2361 μὲν

272 2371 360 2465 ἡμᾶς
384 2376 420 2471 ἐύ
439 2381 560 2454 ποιεῖν,
581 2372 703 2440 κακούν
722 2373 813 2454 δὲ,’
797 2397 826 2440 ει
844 2367 1022 2458 τάναντία,
1044 2369 1130 2442 άλλά
1149 2375 1293 2502 μᾶλλον·
1340 2409 1343 2416 ·

238 2537 241 2544 .
274 2475 317 2559 ὡς
341 2480 478 2588 «μύρεται
501 2483 562 2565 μὲν
586 2477 692 2543 ταῦτα
718 2477 767 2544 ἐπὶ
796 2477 954 2598 σωτηρία
962 2501 1025 2546 των
1046 2469 1148 2560 ὅλων,
1177 2482 1280 2573 παρέ-

197 2658 202 2666 ,
270 2607 366 2704 χετμι
396 2584 432 2649 δὲ
460 2586 516 2649 καὶ
543 2576 645 2661 άλλην
670 2559 783 2727 χρείαν
809 2573 869 2662 τὴν
894 2582 954 2649 τοῦ
983 2576 1075 2660 ἕις’
1055 2578 1143 2649 αυτά
1173 2574 1279 2675 ίίςπερ
1331 2675 1334 2682 1

272 2680 460 2806 γράμματα
472 2673 722 2769 βλίποντας4),
692 2677 892 2764 )τούς
857 2705 917 2766 την
940 2678 1098 2767 τοιαύτην
1120 2710 1279 2803 γραμμα-

273 2785 367 2870 τικὴν
394 2781 524 2864 ἐιδοτοις
545 2779 843 2872 ἀναγινώσκειν
805 2811 848 2852 τα
867 2790 1031 2874 μέλλοντα
1052 2789 1088 2856 ἐκ
1111 2813 1176 2856 των
1201 2812 1279 2879 σχη-

272 2885 386 2982 μάτων
403 2885 491 2957 κατά
509 2885 549 2956 τὸ
566 2882 732 2976 άνάλογον
754 2885 1057 2978 μεθοδεύοντας
1022 2917 1062 2959 το
1080 2887 1279 2980 σημαινόμε-

273 3017 350 3074 νον,
359 2983 460 3086 άςπερ
479 2991 506 3060 ἒί
517 3017 568 3071 τις
584 2994 674 3080 λέγοι
690 2993 735 3075 ⁵),
757 2988 866 3076 ἐπειδὴ
883 2989 1052 3092 ύψηλὸς”
1031 3018 1136 3090 ορνις,
1159 2995 1279 3084 σημαί-

273 3119 322 3167 νει
341 3091 476 3192 ὑψηλάς
498 3119 590 3174 τινας
611 3089 754 3188 πράξεις.

336 3283 468 3373 Λοιπὸν
491 3307 528 3371 δὲ
549 3299 629 3373 ιδεῖν
649 3326 709 3385 την
730 3304 968 3371 ἐπιπίὲκουοαν
995 3304 1023 3385 ¹)
1053 3308 1109 3371 καί
1127 3298 1201 3381 δῖον
1222 3328 1278 3374 συ-

272 3405 445 3500 νείρουσαν
472 3400 628 3488 ἀλλήλοις
659 3399 768 3473 πάντα
800 3410 856 3472 καὶ
887 3401 927 3473 τὸ
957 3429 1026 3486 πως
1052 3401 1123 3531 ἀφ’
1137 3403 1279 3476 ἑκάστου

273 3504 545 3630 ἐπιρρέρουσαΓ
525 3510 630 3601 αρχὴν
659 3509 837 3628 τιθεμένην
869 3533 966 3597 μιαν,
1009 3505 1067 3605 ἀφ’
1100 3499 1141 3593 ἧς
1168 3506 1278 3580 πάντα

273 3605 359 3682 κατά
383 3607 503 3699 λόγους
533 3609 774 3706 σπερματικοὺς
797 3610 830 3694 ¹)
850 3611 1046 3704 περαίνεται.
1092 3609 1192 3685 Ἔστι
1219 3621 1279 3705 μὲν
1334 3615 1337 3622 ’

272 3712 409 3783 ὀύνκαὶ
436 3709 566 3796 άύτη
547 3740 567 3796 η
596 3709 677 3795 δόξα
703 3711 797 3801 ἐγγύς
829 3715 948 3797 ἐκείνης
979 3710 1039 3796 τὴν
1071 3715 1184 3785 πάσαν
1223 3721 1277 3784 καί
1354 3767 1356 3786 .

272 3817 429 3938 σχίσινΒ)
458 3819 514 3884 καὶ
541 3816 667 3898 κίνησιν
693 3811 853 3939 ἡμετέραν
877 3842 912 3885 τε
940 3822 994 3885 καὶ
1022 3818 1136 3886 πάσαν
1163 3820 1261 3888 ἐκ
1220 3845 1277 3902 της

270 3919 336 3987 τῶν
363 3910 448 3987 ὅλων
466 3910 616 4039 ιμυχῆς’
593 3943 682 4002 ηκειν
699 3914 865 4006 λεγούσης.
902 3914 953 3987 ’Eo
975 3925 1031 3988 καὶ
1051 3916 1210 4007 βούλεταί
1227 3947 1276 4002 τις

271 4015 349 4110 ἡμῖν
362 4025 418 4091 και
429 4023 579 4103 εκοιοτοις
593 4022 831 4114 χαρίζεσθαιέ
830 4047 861 4101 ις
875 4045 913 4089 το
924 4045 992 4114 παρ
1015 4017 1106 4112 ημῶν
1116 4047 1221 4094 ποιειν
1231 4051 1272 4103 τι,
1353 4113 1355 4120 Α
