2804 4762
1112 401 1130 462 7

116 571 148 632 in
164 569 292 632 diversa
307 569 346 630 ab
368 567 434 630 aliis
456 555 633 631 discedimtss'
662 566 781 649 [Quam
804 570 846 658 ob
869 587 936 632 rem
959 568 1127 634 Clazome-

117 674 189 736 nius
217 674 451 756 Anaxagoras,
497 693 674 756 quanquam
706 673 738 736 in
764 673 830 736 aliis
860 695 925 738 non
946 685 1126 758 postremus

117 801 231 844 eorum
265 779 319 862 qui
343 800 449 842 rernm
480 791 611 842 naturae
640 778 744 842 studio
776 778 969 852 incubuere,
1007 775 1039 841 in
1067 779 1127 840 bac

33 905 35 910 ’
115 897 151 946 rc
174 883 278 946 videri
290 873 398 966 potest
414 884 508 946 iidem
522 903 588 948 non
603 883 734 957 mereri,
759 904 831 944 eum
843 881 1050 946 consentienti
1064 883 1125 954 bo-

114 988 235 1051 minum
255 990 294 1050 de
313 989 397 1052 Fato
413 986 612 1070 persuasioni
627 1007 661 1050 se
677 987 831 1050 obiectet.
876 987 933 1051 Ait
950 986 1032 1050 enim
1051 986 1124 1050 ille:

113 1093 191 1156 nihil
205 1093 293 1154 Fato
310 1090 381 1154 lieri
403 1113 516 1155 souma
542 1111 622 1174 quae
644 1091 742 1154 liunt:
781 1094 836 1154 sed
852 1091 944 1154 inane
969 1093 1034 1154 boc
1055 1112 1124 1154 esse

114 1197 262 1275 nomem]
294 1195 380 1276 Qarid
395 1217 474 1259 vero
491 1193 531 1258 sit
549 1196 664 1258 Fatum
679 1194 839 1277 siquibus
857 1194 889 1256 in
905 1198 999 1258 rebus
1017 1195 1136 1271 situm,

111 1299 151 1362 td·
163 1321 232 1362 non
256 1319 355 1382 aeque
371 1299 551 1382 expeditum
566 1309 626 1362 cst.
671 1293 753 1361 llam
775 1299 839 1362 boc
857 1297 960 1380 ipsum
974 1321 1039 1362 non
1053 1321 1123 1364 mo·

111 1407 151 1467 do
179 1425 248 1468 non
275 1404 418 1468 homines
451 1403 503 1466 alii
532 1403 618 1479 aliis,
664 1405 720 1464 scd
758 1423 818 1464 nec
847 1401 917 1484 ipsa
949 1402 1122 1464 communis

111 1508 281 1589 praenotio
307 1508 381 1571 satis
408 1508 558 1591 explicat.
602 1507 676 1570 Imo
695 1527 760 1568 non
781 1514 901 1568 tantum
921 1527 987 1569 non
1012 1526 1120 1570 omnes

111 1611 282 1687 omnibus,
307 1614 363 1674 scd
384 1633 443 1674 nec
468 1610 584 1696 singuli
612 1610 737 1700 sibimet
765 1609 841 1692 ipsis
863 1613 988 1692 semper
1013 1609 1121 1672 eadem

111 1716 170 1777 bac
188 1717 230 1777 de
250 1734 287 1777 re
302 1715 452 1778 sentiunt.
496 1716 580 1777 Nam
597 1726 695 1795 prout
713 1724 785 1776 strat
800 1709 949 1794 tempori
967 1731 1121 1794 casusque

17 1829 19 1832 ’
111 1840 238 1894 terum,
276 1817 320 1880 ita
345 1818 463 1902 singuli
484 1819 522 1880 de
545 1819 629 1881 Fato
652 1817 834 1900 opinionem
859 1827 991 1879 mutant:
1057 1815 1122 1896 Qui

82 1993 84 1996 ¹
111 1933 227 1983 structa
244 1923 328 1984 Fato
352 1933 481 1984 censent
502 1922 591 1998 lieri,
615 1921 644 1984 ii¹
658 1943 717 2002 per
735 1921 849 1982 Fatum
864 1941 988 1982 causam
1006 1919 1121 1984 intelli·

111 2035 188 2108 'gnnt
203 2024 420 2087 inevitabilem
439 2037 532 2108 atque
549 2024 814 2088 inextricabilem.
838 2024 917 2086 Sunt
936 2022 988 2086 alii
1006 2022 1120 2106 quibus

109 2137 172 2192 uon
204 2127 310 2192 onmia
337 2127 485 2190 videntur
509 2129 593 2190 Fato
623 2126 711 2202 fieri,
750 2127 866 2208 quique
898 2147 1010 2188 eorum
1039 2147 1120 2208 qnae

17 2215 18 2290 f
111 2232 189 2294 litmt
220 2230 313 2294 etiam
342 2231 417 2294 alias
450 2253 559 2294 causas
582 2252 651 2293 esse
673 2229 869 2306 existimant,
908 2249 1012 2311 neque
1040 2249 1120 2292 vero

109 2336 195 2398 Fato
222 2345 335 2416 putant
363 2335 427 2397 vim
458 2335 544 2398 illam
574 2335 677 2397 inesse
705 2333 919 2414 praefractam
949 2343 1043 2414 atque
1071 2331 1119 2394 in·

108 2438 341 2520 superabilem:
366 2441 421 2502 sed
439 2451 471 2502 et
492 2441 643 2521 ‹praedam
661 2459 773 2500 eorum
793 2458 874 2518 quae
888 2447 1019 2517 possent
1034 2437 1118 2499 Fato

108 2541 197 2616 fieri,
222 2545 288 2603 n'on
302 2540 482 2618 fieriFato,
507 2545 581 2617 scd,
605 2553 640 2604 ut
654 2543 770 2622 poe'tae
784 2541 977 2622 loquuntur,
1002 2551 1120 2602 extra

108 2667 176 2708 sor
189 2657 269 2706 tem
289 2645 517 2728 fatumque.
548 2647 626 2709 Sunt
644 2645 718 2706 item
734 2643 788 2727 qui
802 2655 878 2705 tuno
891 2641 1026 2704 maxime
1042 2664 1118 2703 cun·

110 2761 157 2810 cta
176 2748 263 2812 Fato
278 2747 331 2832 agi
345 2747 541 2824 existimant,
567 2771 637 2810 cnm
656 2751 795 2810 adversa*
803 2745 880 2828 ipsis
895 2746 951 2808 stat
964 2746 1093 2808 fortnna
1108 2767 1117 2808 ι

109 2863 138 2914 et
158 2851 255 2914 iidem
276 2863 381 2914 tamen
402 2873 474 2914 cnm
491 2831 749 2934 qtrac'conantur
770 2869 925 2932 prospere
951 2848 1026 2930 ipsis
1042 2869 1118 2910 eve·

109 2955 220 3030 niunt,
238 2993 241 3004 ·
258 2967 358 3018 semet
380 2975 492 3019 eornm
510 2973 839 3018 sticcessunmcansas
861 2952 971 3014 haberi
989 2952 1114 3026 volunt,
1146 2977 1154 2988 ⁸

110 3058 200 3140 qnasi
225 3079 290 3121 non
312 3069 511 3139 proventura
531 3059 649 3121 suerint
674 3078 711 3120 ea
733 3075 813 3138 (prae
833 3073 1031 3136 provenere,
1056 3053 1116 3118 nisi

109 3160 167 3242 ipsi
190 3159 237 3223 sic
259 3171 291 3223 et
315 3168 380 3224 nob
406 3161 496 3224 aliter
521 3161 678 3246 egissent,
716 3162 804 3242 qnod
820 3158 852 3220 in
868 3157 1011 3239 ipsormu
1031 3158 1116 3221 arbi-

109 3265 172 3327 trio
190 3263 288 3326 suerit
308 3263 382 3326 talia
402 3285 467 3326 non
483 3285 591 3348 agere.
620 3263 744 3344 -Quarc
769 3263 800 3325 in
822 3273 909 3324 tanta
932 3260 1115 3342 opinionum

110 3367 302 3430 dissonantia
323 3367 418 3451 digna
433 3377 481 3428 est
494 3366 692 3448 philosophis
709 3365 852 3448 quaestio
874 3367 912 3425 de
927 3365 1027 3456 Fato,
1051 3383 1117 3425 non

66 3537 68 3544 ,
111 3490 148 3530 an
171 3468 230 3544 sit,
269 3471 325 3530 sed
346 3467 422 3552 quid
443 3467 501 3543 sit,
537 3468 713 3550 qitibuiqnc
739 3469 771 3532 in
792 3470 888 3531 rebus
910 3487 990 3547 quae
1017 3466 1113 3542 fiunt,

111 3583 162 3636 ant
185 3571 360 3648 exsistunt,
384 3572 449 3636 vim
471 3593 558 3636 suam
581 3585 718 3636 exserat.

512 3830 725 3846 m
