2758 4760
236 427 293 491 1110

225 597 290 663 τῶν
312 593 430 674 ὄντων,
463 589 483 675 ἢ
507 590 548 658 τά
573 594 606 659 έν
626 593 747 676 γενέσει
768 597 824 658 καί
845 593 985 684 φθορᾷ·
1019 583 1096 671 ίίςτε
1122 592 1236 661 ἐνταῦ-

226 695 282 766 θά
298 723 363 765 που
388 701 444 763 καὶ
468 692 507 761 τό
525 698 584 775 τῆς
600 696 803 784 έιμαρμένης.
841 690 930 762 Ἐπεὶ
951 701 1010 782 μὲν
1035 701 1090 761 καί
1113 692 1238 763 τούτων

225 801 270 870 τά
285 808 344 887 μὲν
365 795 451 866 κατά
473 802 585 886 τέχνην
611 821 644 863 τε
667 822 723 862 και
741 793 840 882 λόγον
860 792 1004 884 τεχνικόν
1024 823 1114 878 τινα,
1137 795 1180 864 τά
1192 801 1239 862 δέ

228 902 315 972 κατά
338 903 544 994 προαίρεσιν,
568 897 610 966 τά
628 902 664 965 δέ
685 897 771 965 κατά
793 894 896 1024 (ρόσιν
913 923 1056 1024 γινετριι,
1086 905 1241 967 σκεπτέον

229 1009 263 1075 ἐν
290 1006 357 1072 τίσι
382 999 505 1071 τούτων
528 1001 567 1069 τὸ
593 1028 651 1082 της
672 1004 882 1124 έιμαρμένης,
918 1004 946 1067 ἐι
971 1000 1017 1090 μὴ
1049 998 1120 1069 όῑόν
1146 1027 1180 1070 τε
1206 1006 1242 1069 ἐν

228 1110 320 1176 πάσι.
368 1106 420 1174 Τά
439 1114 499 1193 μέν
521 1103 579 1172 όῦν
601 1102 688 1171 κατά
707 1109 819 1193 τέχνην
843 1101 998 1192 γινόμενα
1020 1103 1100 1173 καθ
1127 1109 1242 1194 έιμαρ

225 1214 324 1301 μένην
348 1209 430 1277 ἐίναί
460 1234 494 1275 τε
525 1215 581 1276 καὶ
606 1208 785 1294 γίγνεσθαι
818 1211 941 1294 λέγειν,
982 1205 1135 1296 οὐδαμῶς
1168 1215 1242 1286 ταῖς

227 1321 300 1405 περὶ
325 1314 386 1399 τῆς
408 1315 602 1402 ἐιμαρμένης
628 1307 740 1390 δόξαις
769 1306 930 1401 συνῳδόν·
963 1315 1092 1397 γελοῖον
1113 1308 1178 1403 γάρ
1199 1309 1240 1378 τό

226 1415 286 1500 τὴν
311 1419 421 1497 κλίνην
447 1407 490 1495 ¹⁴)
522 1411 542 1495 ἢ
572 1411 611 1480 τὸ
640 1409 780 1503 βάθρον
809 1408 891 1478 καθ’
922 1415 1119 1503 έιμαρμένην
1146 1440 1241 1500 γεγο-

225 1525 315 1589 νέναι
336 1523 459 1606 λέγειν,
477 1513 502 1598 ἢ
519 1514 578 1597 τὴν
599 1512 703 1607 λύραν
722 1511 901 1607 ἡρμόσθαι
922 1512 1003 1581 καθ’
1028 1519 1240 1609 έιμαρμένην·

228 1619 313 1691 όότω
349 1619 413 1713 γάρ
442 1621 576 1741 ἐροῦμεν
604 1622 715 1692 πάσαν
747 1623 859 1707 τέχνην
892 1621 1097 1743 έιμαρμένην.
1149 1617 1239 1687 Ἀλλ’

228 1714 348 1793 οὐδ’
324 1750 367 1792 ων
386 1723 577 1842 προαίρεσις
600 1719 707 1803 άιτία,
743 1724 850 1788 ταῦτα
875 1719 995 1788 καέίΗ
980 1727 1176 1814 ειμαρμένην
1200 1721 1242 1790 όίν

230 1829 298 1910 ἐίη
335 1822 460 1893 τούτων
490 1823 553 1917 γάρ
580 1829 613 1894 ἐν
632 1821 710 1913 ἡμῖν
734 1821 755 1907 ἡ
778 1822 863 1954 άρχίγ
885 1831 941 1892 καὶ
962 1851 1021 1893 ουκ
1046 1827 1186 1909 ἔξωθεν,
1220 1828 1241 1910 ἡ

227 1935 262 1999 δέ
248 1932 458 2020 ἐέιμαρμένη
477 1927 536 1997 οὐκ
557 1931 591 1996 έν
612 1926 704 2017 ἡμῖν·
733 1935 789 1995 καὶ
808 1927 872 2048 γάρ
898 1933 927 1995 ἐι
955 1934 1104 2019 καὶπερὶ
1129 1913 1237 1998 ταῦτά

227 2037 314 2102 ἐστιν
339 2027 359 2114 ἡ
385 2034 560 2124 έιμαρμὲνη
573 2084 582 2114 ,
603 2039 677 2203 περί
694 2027 718 2098 ίί
739 2036 794 2098 καὶ
812 2029 850 2098 τὸ
876 2027 925 2125 ἐφ’
948 2028 1043 2153 ἡμῖν,
1066 2029 1152 2100 άλλά
1178 2031 1238 2100 άλ-

222 2244 320 2329 μένης
343 2245 399 2305 καὶ
424 2239 487 2304 τῶν
510 2241 543 2305 ἐν
562 2243 683 2325 γενέσει
706 2233 749 2303 τά
768 2233 945 2325 γιγνόμενοι
963 2235 1049 2304 κατά
1070 2241 1183 2327 τέχνην
1204 2265 1238 2307 τε

225 2348 280 2410 και
301 2342 501 2434 προαίρεσιν.
548 2335 781 2408 Τούτωνδ
761 2336 995 2434 συνῃρημένων,
1031 2339 1148 2410 λοιπόν
1176 2367 1237 2409 κα-

223 2447 410 2513 ταλείπεται
433 2445 555 2524 ταῦτα,
586 2440 636 2522 ὁίς
657 2438 677 2524 ἡ
700 2438 802 2535 φύσις
819 2445 877 2525 τῆς
898 2438 1052 2530 γενέσεως
1071 2440 1162 2511 ἆιτία
1174 2497 1183 2527 ,
1206 2448 1240 2514 ἐν

225 2545 275 2628 ὁῖς
296 2551 333 2615 δὲ
357 2553 414 2614 καὶ
439 2548 531 2614 δοκεῖ
552 2543 759 2614 δυναστεύειν
780 2544 819 2613 τὸ
847 2548 905 2627 τῆς
930 2543 1135 2636 έιμαρμένης.
1188 2545 1241 2616 'En

225 2649 289 2742 γάρ
315 2678 365 2731 τις
394 2645 570 2730 ἐπιστήσας
606 2645 760 2730 ἐξετάζειν
788 2643 944 2734 βούλοιτο
970 2647 1030 2727 τάς
1054 2647 1153 2731 δόξας
1179 2650 1241 2730 τάς

146 2739 151 2750 ’
225 2762 298 2846 περὶ
326 2755 385 2834 τῆς
416 2747 611 2842 έιμαρμένης
642 2747 952 2839 καταβεβλημένας,
990 2748 1028 2820 οὐ
1054 2759 1127 2844 περὶ
1151 2751 1240 2822 ἄλλοί

225 2882 318 2937 τινα,
340 2852 415 2923 οὐδὲ
437 2857 470 2921 ἐν
490 2851 605 2932 ἄλλοις
623 2849 726 2932 άυτάς
744 2850 872 2945 έυρησει
893 2851 953 2936 τὴν
973 2852 1171 2946 έιμαρμένην
1188 2883 1238 2925 τι·

225 2960 369 3038 δείσας,
405 2953 474 3024 ἀλλ’
512 2959 546 3024 ἐν
577 2963 647 3035 τοῖς
671 2953 855 3045 γινομένοις
884 2952 999 3049 φάσκ’
1034 2956 1240 3028 καὶτούτων

226 3059 373 3151 μάλιστα
399 3063 433 3128 ἐν
451 3060 490 3155 τῇ
511 3062 574 3128 τῶν
588 3056 676 3141 ζώων
693 3066 749 3127 καὶ
769 3062 834 3127 ’τεόν
852 3062 886 3126 ἐκ
907 3061 1104 3151 συγκρίσεων
1125 3065 1187 3130 τῶν
1205 3067 1241 3132 ἐν

227 3162 347 3253 γενέσει
369 3165 427 3245 15)·
462 3160 500 3230 οὗ
524 3161 588 3254 γάρ
610 3160 649 3230 τό
676 3161 735 3244 τὴν
763 3164 827 3230 τῶν
847 3163 1012 3250 στοιχείων
1034 3166 1080 3241 έις
1109 3163 1239 3248 ἄλληλα

226 3266 414 3360 μεταβολὴν
445 3263 526 3334 καθ’
555 3261 751 3358 έιμαρμένην
782 3265 940 3352 γίνεσθαι
964 3261 1068 3352 λέγειν
1096 3265 1182 3337 πάνυ
1205 3277 1237 3338 τὶ

226 3376 381 3455 συνηθές.
431 3366 549 3448 Ὄντος
574 3370 683 3437 τοίνυν
707 3369 768 3435 τοῦ
792 3365 873 3436 καθ’
908 3365 1104 3460 έιμαρμένην
1128 3373 1161 3439 ἐν
1186 3369 1239 3453 ὁῐς

224 3471 478 3567 προειρήκαμεν,
500 3477 555 3539 καὶ
570 3468 689 3539 τούτου
703 3472 865 3562 γνωρίμου
881 3468 1070 3557 γεγονότος,
1093 3470 1236 3544 άκόλου·

222 3585 294 3646 θον
326 3574 367 3644 ίίν
393 3579 441 3659 ἐίη
471 3571 556 3663 μετά
587 3570 706 3641 τοότου
742 3576 881 3655 ζητῆσαι
911 3570 1050 3666 πότερον
1081 3574 1236 3646 τοιοῦτόν

223 3686 331 3762 ἐστιν,
354 3676 397 3759 ὡς
415 3671 595 3765 άναγκαῖόν
615 3698 650 3744 τε
671 3680 753 3746 ἐῑυαι
768 3683 824 3743 καί
838 3672 1058 3768 ἀπαράβατον
1072 3678 1159 3746 κατά
1178 3679 1243 3748 τὸν

225 3781 366 3867 ποιητὴν
387 3781 444 3850 τὸν
466 3777 625 3868 λέγοντα·

183 3961 186 3966 ,
264 3895 389 3978 Μοῖραν
408 3892 432 3952 δ
456 3892 564 3953 ὁότινα
581 3893 622 3965 ¹⁶)
643 3890 727 3973 φημί
738 3893 931 3974 πεφυγμένον
951 3888 1082 3972 ἔμμεναι
1101 3891 1236 3975 ἀνδρῶν,

262 3998 304 4059 οὐ
321 3995 420 4058 κακὸν
438 3994 506 4076 οὐδὲ
524 3997 582 4074 μὲν
601 3993 715 4056 ἐσθλὸν
724 4039 736 4068 ,
754 3993 829 4072 ἐπὴν
847 3993 888 4056 τά
908 3999 1017 4078 πρῶτα
1034 3994 1167 4072 γένηται.
