2728 4758
1051 387 1112 452 ‘259

113 557 169 639 2⁶)
199 553 332 624 πάντα
352 521 542 648 γαώριμα
563 555 737 639 ποιῆσαι
757 553 802 623 δι’
818 552 1113 644 ἑνὸςβιβλὶου]

199 663 306 725 Havn.
334 657 373 728 δι’
400 659 470 740 ἑνὸς
492 655 709 742 ποιήσασθαι
732 654 840 727 πάντα
865 653 1012 750 γνώριμα
1039 661 1115 746 βαβ-

167 765 279 834 :tlon
292 797 294 804 ,
315 761 389 844 (0.)

538 943 624 987 oar.
649 945 687 986 u.

131 1065 166 1144 l)
201 1057 253 1129 Τὸ
274 1066 345 1148 μὲν
367 1059 439 1130 ὀῦν
465 1061 572 1131 &tvai
600 1086 640 1129 τι
671 1103 687 1117 -
719 1102 736 1117 -
767 1103 785 1118 -
811 1104 828 1119 -
853 1059 937 1131 κατ’
961 1059 1112 1148 ἀυτὴν]

194 1165 285 1230 Haec
306 1168 404 1229 verba
425 1167 508 1230 haud
528 1165 636 1248 paullo
657 1161 766 1228 melius
783 1165 900 1232 Grotio
921 1168 1017 1231 vertit
1032 1169 1110 1232 Edi-

193 1280 249 1332 tor
279 1268 508 1340 Londinensis:
552 1267 633 1331 Esse
663 1269 772 1348 igitur
800 1267 941 1352 aliquid
967 1271 1112 1351 Fatum,

190 1390 404 1454 causamque
429 1369 522 1434 illoti
543 1365 743 1432 censendum
765 1386 853 1443 esse,
891 1367 987 1450 qnod
1006 1389 1110 1452 quoe·

189 1469 270 1532 dam
292 1469 459 1550 fataliter
474 1468 579 1546 fiant.
631 1466 694 1530 Sed
721 1463 846 1528 videtur
873 1466 1039 1550 legendum
1071 1467 1110 1535 τὰ

188 1574 252 1655 μὲν
281 1563 340 1636 ὀῦν
365 1570 445 1636 einai
473 1593 508 1634 τε
537 1580 598 1632 etc.
642 1569 724 1631 Nam
750 1567 832 1632 infra
861 1572 972 1634 eodem
996 1569 1111 1654 Capite

192 1664 326 1752 ζήτησις
348 1677 420 1758 περὶ
447 1671 504 1751 τῆς
533 1673 743 1760 ἑιμαρμὲνης,
776 1649 835 1736 onia
859 1671 888 1738 ἐι
914 1671 1002 1740 ἔστιν
1023 1684 1055 1737 et
1079 1673 1112 1738 in

192 1771 306 1858 Capite
325 1776 364 1838 de
376 1775 458 1837 Fato
478 1793 518 1835 ex
531 1772 634 1836 Libro
646 1772 695 1836 ΙΙ.
712 1775 750 1835 de
766 1773 866 1836 anima
879 1773 962 1838 infra
981 1797 1016 1859 p.
1034 1776 1110 1842 tol.

189 1876 246 1940 ubi
279 1879 385 1940 eadem
419 1877 517 1940 verba
546 1874 661 1958 repetit
689 1875 873 1938 Alexander
901 1877 1034 1962 legimus
1071 1875 1109 1946 τὸ
1155 1899 1157 1912 ·

186 1985 249 2067 μὲν
278 1975 336 2046 ὀῦν
365 1979 447 2045 ἐῐναί
473 2001 507 2043 τε
536 1973 595 2056 τὴν
618 1977 814 2067 ἱιμαρμένην
835 1979 952 2056 ἱκανῶς
974 1975 994 2062 ἡ
1014 1977 1111 2062 κοινὴ

191 2083 254 2150 τῶν
276 2075 465 2170 ἀνθρώπων
494 2079 663 2160 συνίστησι
690 2073 870 2173 πρόληψις.
923 2083 999 2146 Non
1016 2083 1110 2151 *e'tvai

192 2209 235 2252 τι.
269 2184 342 2266 (0.)

17 2327 23 2338 -
113 2291 161 2373 ’2)
193 2281 281 2356 Οὐδ’
300 2281 583 2378 Ἀναξαγόρας
604 2281 944 2378 ὂΚλαζομένισς]
960 2287 1108 2354 Docebat

190 2413 303 2477 nempe
320 2392 531 2476 Anaxagoras
550 2385 573 2456 il
592 2397 652 2479 μὲν
672 2389 736 2482 γὰρ
755 2394 838 2460 ἐῑναι
858 2387 928 2458 κατ’
952 2386 1107 2478 ἀνάγκην,

185 2487 212 2561 «3
237 2489 376 2561 δὲκαθ’
400 2495 612 2580 ἐσμαρμὲνην,
641 2486 720 2560 iios
745 2493 830 2560 κατὰ
849 2495 1060 2585 προαίρεσιν,
1083 2489 1108 2561 il

187 2600 222 2665 δὲ
244 2593 329 2664 κατὰ
353 2591 468 2684 τύχην,
503 2590 584 2662 tlon
614 2593 700 2663 κατὰ
723 2592 761 2664 τὸ
790 2593 990 2683 coronator.
1026 2608 1106 2662 teste

187 2703 361 2766 Plutarcho
386 2702 426 2761 de
448 2697 555 2780 placit.
579 2700 698 2780 philos.-
738 2701 834 2764 Libr.
863 2701 893 2763 1.
935 2699 1019 2783 Cap.
1049 2690 1104 2766 29.

188 2802 287 2869 Conf.
302 2803 400 2882 Bayle
423 2801 564 2864 Diction.
581 2801 768 2884 Historique
783 2803 832 2866 tit.
853 2800 1105 2886 Anaxagoras,⁴
1208 2815 1214 2829 ²

187 2928 230 2970 ex
251 2905 364 2988 quibus
385 2902 523 2966 videmus
545 2915 687 2966 nostrum
705 2925 769 2968 non
788 2906 868 2967 bene
883 2903 1003 2986 cepisse
1017 2924 1106 2966 men·

187 3011 250 3072 tem
277 3007 490 3090 Anaxagorae
516 3004 604 3088 quasi
626 3005 784 3068 docuisset
809 3008 912 3090 μηδὲν
933 3007 996 3072 τῶν
1015 3030 1106 3092 yson.

185 3113 290 3197 μένων
307 3110 464 3193 γίνεσθαι
482 3102 564 3172 καθ’
592 3107 794 3194 ἕιμαρμένην.
838 3105 988 3172 Ceterum
1006 3130 1107 3198 φασι·

188 3205 337 3278 κώτατοα
354 3211 582 3296 Anaxagoram
602 3209 739 3292 appellat
754 3209 845 3273 etiam
859 3210 974 3273 Sextus
994 3211 1105 3293 Empi-

187 3312 271 3378 ricus
292 3314 365 3374 adv.
385 3309 491 3397 Math.
514 3312 649 3389 V11.§.
676 3301 730 3376 90.
753 3313 808 3374 ubi
829 3312 901 3376 ville
924 3312 1104 3376 Fabricium

187 3438 223 3500 p.
248 3415 323 3479 388.
345 3412 447 3478 nostri
467 3413 531 3477 loci
551 3436 616 3502 non
638 3415 865 3480 immemorem.
892 3415 968 3496 (Ο.)

100 3521 135 3603 3)
163 3515 238 3587 οὐκ
259 3511 525 3598 ἀξιόπιστος]
558 3515 666 3580 Havn.
690 3513 759 3582 ἀλλ’
790 3513 981 3599 ἀξιόπιστος
1001 3519 1103 3585 Male.

187 3621 260 3703 (0.)
282 3619 458 3700 Utrumque
484 3617 554 3680 scil.
578 3619 760 3696 delendum,
786 3632 816 3684 et
836 3621 1024 3686 Havniensis
1040 3624 1104 3688 hoe

187 3719 277 3800 ἀλλ’,
313 3734 344 3786 et
369 3719 560 3804 reliquarum
588 3716 656 3786 οὐκ.
699 3723 764 3804 Qui
787 3726 866 3788 haec
889 3724 1103 3808 interpossue·

186 3835 277 3902 runt,
314 3844 379 3889 non
414 3821 632 3908 intelligebant
669 3827 958 3902 constructionem:
1018 3823 1102 3896 olet

106 3993 109 3998 i
180 3921 409 4018 Ἀναξαγόρας
430 3919 632 4007 ἀξιόπιστος.
675 3927 790 4010 (Oasp.
819 3930 936 4007 Orell.)
