2728 4758
257 447 319 510 176

251 611 311 692 τάς
333 607 486 701 δυνάμεις
508 608 614 679 άντῶν
635 612 693 676 καὶ
720 603 780 688 τάς
806 609 985 701 ἐνεργείας,
1024 601 1084 728 τάς
1112 631 1146 676 τι
1176 605 1264 674 6666

252 711 355 809 φύσιν
376 722 431 782 καὶ
454 713 514 794 τάς
535 708 627 804 παρά
650 707 770 807 φάσιν,
792 702 872 831 ὅπερ
893 707 987 804 παρά
1011 705 1115 804 φύσιν
1135 712 1166 793 4)
1187 733 1266 779 σνν

252 820 388 900 ειςῆλίλε
417 820 460 914 τῇ
493 813 660 936 ἀναγκαίη
681 815 740 898 τῆς
760 809 953 902 ὑποβάσεως
974 814 1038 882 τῶν
1060 810 1163 882 ὄντων
1183 809 1267 908 ὑψί-

251 943 318 1002 σει,
361 925 432 1000 τοῖς
459 926 515 987 καὶ
551 914 672 986 τούτου
681 921 846 1038 μετέχειν
874 925 954 985 ποτὲ
985 912 1266 1035 πεφνκόσιν,ον

153 1080 154 1084 ,
251 1026 501 1112 προηγουμένως
513 1075 522 1105 ,
544 1018 632 1090 άλλά
654 1017 741 1089 κατά
761 1019 820 1089 τὸν
842 1015 1078 1109 λεγόμενον
1037 1047 1097 1102 της
1113 1045 1268 1111 παρνπο·

252 1122 398 1205 στάσεως
412 1121 553 1218 τρόπον,
575 1121 743 1250 γινώσκειν
756 1127 816 1213 μέν
831 1150 884 1191 τοι
897 1150 940 1191 τα
927 1119 1146 1213 ἐνδεχόμενα
1161 1148 1269 1212 κρειτ-

251 1225 355 1308 τόνοις
377 1231 436 1311 τῆς
457 1225 565 1296 άντών
587 1229 713 1296 ἐκείνων
740 1223 888 1322 φάσεως,
926 1221 1041 1318 διόπερ
1066 1229 1179 1298 ταῦτα
1197 1234 1268 1314 μέν
1330 1307 1332 1320 Ι

250 1328 410 1452 ἆρ’ριστον
431 1332 609 1420 ἔχοντα)
570 1329 629 1414 τὴν
650 1327 785 1452 (χύσιν,
794 1327 970 1398 δύνασθαί
984 1356 1018 1398 τε
1033 1332 1194 1417 ἐκβαίνειν
1211 1337 1269 1398 καί

249 1431 295 1524 μὴ
317 1435 497 1522 ἐκβαίνειν,
535 1435 675 1514 ἐκείνους
703 1425 785 1502 6⁰
762 1458 819 1500 ατε
841 1429 1034 1527 κρειττόνως
1055 1435 1115 1515 τῆς
1136 1428 1269 1528 φάσεως

252 1533 361 1605 άντών
384 1535 443 1619 τὴν
464 1539 583 1624 γνῶσιν
605 1533 714 1605 άοτών
727 1532 1034 1630 προειληφότας,“
1011 1540 1199 1629 ωρισμένας
1213 1542 1271 1608 καί

251 1643 357 1707 ταῦτα
384 1643 504 1708 ἐιδέναι
532 1637 573 1720 4)
616 1643 688 1708 Καὶ
709 1638 773 1732 γάρ
794 1638 839 1708 τά
859 1637 1001 1762 μεριστά
1021 1643 1086 1708 τῶν
1108 1634 1269 1760 πραγμά-

251 1767 316 1810 των
337 1739 520 1872 άμερίστμς
541 1750 596 1810 καὶ
618 1740 831 1824 άδιαστάτως
844 1740 1014 1830 γινώσκειν
1028 1740 1152 1822 άντοέις
1166 1738 1270 1830 6667-

250 1847 345 1913 καῖον
366 1851 422 1914 καὶ
444 1842 487 1912 τά
507 1849 770 1975 πεπληθοσμίνρ
791 1849 959 1968 6066,
993 1853 1052 1914 καὶ
1081 1844 1123 1914 τά
1153 1847 1268 1938 ἔγχρο-

251 1975 295 2016 να
310 1944 449 2028 άιωνίοις
459 2001 468 2032 ,
490 1947 611 2016 καὶτὰ
632 1947 770 2037 γεννητά
791 1946 981 2038 άγεννητως.
1020 1947 1136 2020 .06
1098 1977 1163 2042 γαρ
1187 1975 1270 2022 6666·

249 2057 423 2144 παραθεῖν
444 2053 485 2147 66
506 2048 597 2144 ῥύσει
619 2057 683 2122 τῶν
706 2049 913 2180 πραγμάτων
923 2051 985 2137 666
999 2055 1063 2122 τών
1077 2057 1171 2124 θεῶν
1186 2054 1270 2142 γνώ-

252 2180 305 2225 σιν
333 2125 525 2244 άνεξόμίθα
560 2159 680 2244 λέγειν,
724 2155 846 2225 οὐδὲ
830 2159 913 2225 εἶναι’
947 2184 979 2230 τε
1009 2155 1054 2225 ἐπ’
1089 2159 1218 2228 ἐκείνων
1249 2149 1271 2238 6

251 2256 561 2350 παρεληλυθός,’
548 2256 570 2341 ι)
598 2287 658 2348 με
633 2263 735 2344 λλον,
770 2257 849 2328 οὐδὲ
879 2264 1086 2348 66666'
1070 2255 1116 2330 εντ’
1148 2256 1270 2345 ἀντάεις

252 2358 296 2441 ὡς
309 2363 343 2429 ἐν
362 2362 490 2430 Τιμαίαν
513 2359 781 2456 παρειλήφαμεν,
804 2359 843 2431 τό
865 2363 907 2446 66
927 2364 948 2448 ἢ
970 2363 1010 2432 τὸ
1030 2364 1147 2445 ἔσται,
1167 2387 1270 2453 μετα-

252 2467 356 2551 βολῆς
377 2489 466 2543 τινος
488 2461 571 2532 ὅντα
592 2466 798 2555 σιμαντικά,
833 2462 936 2556 μόνον
965 2470 1001 2536 δὲ
1028 2466 1069 2536 τό
1090 2467 1180 2548 ἐστι,
1213 2471 1271 2537 καὶ

253 2571 352 2636 τοῦτο
375 2565 414 2636 οὐ
438 2565 477 2635 τὸ
500 2565 814 2660 66696606666
836 2573 883 2666 τῷ
904 2597 937 2639 τε
958 2559 1002 2654 66
1022 2575 1080 2640 κατ
1101 2571 1147 2664 τώ
1162 2571 1270 2653 ἐσται,

254 2679 309 2738 καὶ
331 2667 638 2763 άντιδιαιροιίμενον
656 2669 794 2757 άατοΐς,
829 2645 918 2743 ἀλλά
938 2672 1004 2767 πρὸ
1025 2671 1134 2757 πάσης
1154 2699 1269 2767 χρονι-

252 2776 310 2856 κῆς
332 2769 506 2868 ἐμφάσεως
520 2772 767 2866 ἐπινοοάμενον,
788 2775 898 2846 καὶτὸ
914 2775 1078 2870 ἄτρεπτον
1087 2774 1199 2846 άοτῶν
1213 2784 1270 2844 καὶ

252 2873 484 2964 ἀμετάβλητον
504 2885 686 2968 σημαῖνον,
709 2873 790 2971 ὅπερ
810 2888 868 2950 καὶ
890 2878 909 2950 6
931 2887 1035 2972 μέγας
1055 2883 1270 2974 Παρμενίδης

251 2983 351 3048 παντί
371 2981 478 3074 νοητῷ
501 2977 659 3075 ὑπάρχειν
681 2980 920 3081 ἀποφαίνεται·

295 3095 338 3163 06
356 3097 417 3183 γάρ
438 3097 493 3177 ’ἐην
511 3101 559 3178 ⁵),
579 3102 635 3166 οὐδ
654 3102 743 3167 ’ἐσται
762 3103 990 3188 (φησίν)ιὸμοῢ
1009 3107 1096 3180 πᾶν,
1114 3101 1182 3166 ’ἐστι
1200 3103 1234 3168 δὲ

776 3203 905 3282 μοῦνον.

254 3309 337 3376 Καὶ·
356 3304 396 3375 66
423 3303 487 3398 χρὴ
513 3311 653 3398 νομίζειν
685 3303 738 3380 ότι
760 3308 945 3402 ἀναγκαίαν
967 3316 1028 3398 ἕξει
1049 3309 1109 3396 τὴν
1130 3313 1271 3400 ἑκβασιν

254 3405 277 3477 όί
305 3413 441 3499 λέγομεν
470 3410 681 3503 ἐνδεχόμενα,
718 3411 777 3484 διά
805 3416 849 3486 τά
876 3415 941 3486 666
963 3421 1027 3486 τών
1049 3418 1143 3485 666
1165 3413 1196 3498 6)
1219 3439 1272 3504 γα

252 3507 448 3583 νώσκεσθαι
463 3513 664 3640 ὡρισμένως,
686 3516 807 3645 σίν-γάρ
830 3516 917 3590 διότι
940 3518 1159 3608 γινώσκουσιν
1181 3518 1270 3589 ἀστοί

252 3619 285 3683 οἱ
306 3622 403 3698 666,
426 3617 482 3686 διά
505 3622 604 3687 τοῦτο
626 3619 812 3711 ἀναγκαίως
833 3620 1028 3712 ἐκβησεται,
1061 3620 1133 3692 άλλ
1156 3621 1269 3705 ἐπειδὴ
1345 3712 1352 3723 .

224 3714 356 3813 ’φύσιν
377 3721 494 3846 ἕχρντα
516 3726 723 3850 ἐνδεχομένην
744 3735 800 3798 καὶ
827 3726 1039 3848 άμιγίβολον,
1073 3731 1179 3819 πέρας
1208 3729 1269 3810 ἕξει
1357 3713 1359 3726 ’

252 3817 384 3903 πάντως
405 3821 427 3906 ἢ
448 3831 556 3909 τοῖον,
578 3825 599 3910 ἢ
621 3836 730 3914 τοῖον,
758 3831 815 3900 διά
835 3836 935 3900 τοῦτο
958 3829 1036 3912 τοὺς
1056 3827 1165 3909 θεοὺς
1186 3833 1268 3899 66-

251 3951 306 3993 ναι
330 3922 513 4013 ἀναγκαῖον
534 3922 622 4012 ὅπως
642 3931 829 4021 ἐκβήσεται
870 3939 942 4006 Καὶ
963 3938 1035 4005 ἐστὶ
1054 3931 1094 4004 τό
1116 3929 1202 4004 άντό
1228 3931 1270 4027 τῇ

160 4027 163 4032 “
252 4037 312 4126 μὲν
338 4025 436 4120 φύσει
469 4034 508 4127 τῇ
536 4037 657 4105 ἑαυτοῦ
667 4035 906 4128 ἐνδεχόμενον,
945 4067 984 4133 τη
968 4043 1042 4107 δέ
1062 4035 1180 4125 γνώσει
1202 4038 1267 4104 τόν
