2758 4760
1064 403 1216 495 1⁶51

118 580 244 653 dinem,
280 588 333 640 aut
350 576 439 642 Deos
458 574 606 640 credibile
627 586 674 640 est
694 575 917 662 vel-ignorare
939 571 1018 658 quae
1040 594 1119 655 pro-

119 687 252 758 ducant,
277 693 329 745 aut
345 694 493 764 tanquam
513 679 632 752 laboris
653 679 858 748 intoleranter
876 676 1039 764 negligere
1063 697 1120 740 eo-

119 810 190 850 rum
210 784 353 851 notitiam
376 807 412 846 ae
430 783 585 868 regimen.
604 829 607 834 2
629 785 712 848 Nam
733 796 845 866 putare
860 784 1013 848 Deorum.
1026 776 1122 845 vitam

119 888 269 954 constitui
300 889 465 968 molestam
498 898 529 949 et
554 881 774 971 negotiosam,
814 900 844 952 et
866 899 1029 970 expertem
1055 885 1121 948 cius

119 1014 184 1056 non
202 991 354 1056 sollicitae
369 989 602 1073 tranquillitatis
624 1011 705 1072 quae
720 990 797 1052 Deis
810 990 998 1065 conveniat,
1023 989 1050 1052 si
1065 1009 1120 1052 eos

118 1095 267 1158 dicamus.
283 1116 390 1158 curam
420 1113 539 1178 gerere*
563 1114 669 1155 rerum
693 1093 948 1175 particularium,
986 1092 1019 1154 id
1040 1113 1119 1156 vero

120 1220 231 1263 eorum
255 1209 303 1260 est
325 1197 458 1279 quinon
476 1195 655 1280 intelligunt
670 1195 885 1259 excellentiam
902 1195 1036 1258 divinam
1054 1207 1120 1257 tum

119 1300 310 1386 cognitionis
336 1311 402 1362 tum
419 1298 579 1382 potentiae
600 1321 696 1381 supra
715 1311 866 1374 nostram,
889 1311 918 1362 et
935 1302 978 1363 ob
994 1300 1059 1362 eins
1074 1301 1121 1363 rei

28 1451 29 1455 ,
67 1417 69 1427 ⁴
118 1403 352 1489 ignorationem
373 1401 547 1466 volentium·
571 1405 610 1464 ad
632 1414 775 1466 nostrum
798 1405 924 1466 modum
943 1405 1121 1484 expendere

119 1529 171 1572 res
194 1507 332 1581 divinas,
362 1518 393 1577 et
411 1517 552 1570 nostram
574 1505 819 1574 invalentiamin
838 1506 924 1588 ipsos
948 1489 1125 1574 transferre

121 1611 230 1684 Deos;
254 1610 435 1693 quasivero
456 1609 558 1692 possit
579 1610 703 1692 quidem
725 1632 784 1674 rex
802 1621 959 1678 astrorum
981 1614 1031 1678 sol
1053 1633 1126 1678 om·:

120 1715 171 1780 nia
196 1714 288 1779 simul
314 1727 396 1798 quae
423 1714 454 1776 in
482 1716 609 1782 mumdo
638 1726 710 1782 sunt
733 1714 913 1804 illustrare,
951 1713 1013 1785 nisi
1037 1719 1126 1785 soree¹

120 1818 275 1902 impingat
292 1818 323 1882 in
339 1817 442 1900 aliqua
460 1840 524 1884 non
545 1818 694 1894 dilucida,
718 1821 774 1882 sed
790 1833 954 1902 compacta
969 1843 1120 1903 corpora,

118 1923 311 2004 incorporea
333 1933 435 1984 autem
460 1920 523 1984 ¹illa
556 1934 587 1984 et
612 1921 751 1986 nrateriei
773 1946 889 2006 expers
906 1926 1049 1990 Deorum
1073 1927 1123 1992 vis

30 2037 33 2043 ’
119 2047 184 2098 non
207 2025 308 2108 possit
326 2046 388 2086 una
413 2025 479 2090 sine
501 2024 723 2106 impedimento
745 2027 864 2094 cunctis
884 2031 992 2093 adesse
1012 2033 1120 2106 rebus,

121 2152 192 2192 cum
221 2127 306 2192 nulla
331 2128 371 2190 sit
398 2149 479 2210 quae
509 2127 538 2190 ei
562 2127 664 2209 possit
693 2130 843 2205 obstare,
881 2143 1009 2212 praeter
1031 2154 1124 2202 unam

121 2245 263 2296 nostram
281 2243 423 2296 naturam
440 2247 551 2314 parum
571 2231 728 2299 idoneam.
774 2232 958 2315 Quanquam
981 2257 1020 2297 ne
1040 2257 1124 2299 nuno

122 2335 270 2420 quidem,
307 2335 334 2402 si
355 2357 466 2404 verum
487 2333 576 2416 loqui
602 2335 749 2412 velimus,
785 2336 952 2416 impeditur
980 2338 1124 2403 Deorum

121 2437 323 2521 providentia
337 2450 395 2500 ,aut
411 2437 444 2504 in
467 2437 649 2522 cognitione
668 2433 775 2505 rerum
795 2434 993 2518 nostrarum,
1019 2455 1070 2505 aut
1092 2443 1124 2509 iu

124 2563 232 2606 earum
258 2541 438 2617 curatione,
478 2543 533 2606 sed
562 2539 713 2622 nosipsi
734 2541 823 2623 paria
847 2543 983 2625 patimur
1014 2567 1051 2608 ac
1079 2547 1126 2614 illi

125 2645 193 2728 qui¹
216 2645 284 2709 sole
316 2645 440 2712 lucente
473 2655 526 2709 aut
555 2644 713 2712 dormiunt
738 2657 791 2706 ant
823 2646 974 2710 claudunt·
998 2650 1124 2715 oculos.

124 2749 208 2810 Nam
230 2749 310 2810 sieut
338 2747 383 2809 illi
409 2747 515 2812 calore
542 2747 666 2830 quidem
687 2747 836 2816 fruuntur
856 2749 911 2831 qui
935 2773 951 2814 a
980 2754 1048 2816 sole
1070 2756 1125 2818 da„

124 2863 177 2916 tur
205 2863 322 2936 terram
353 2851 435 2912 hanc
468 2849 697 2926 habitantibus,
737 2851 770 2914 vi
800 2863 903 2918 autem
934 2854 1126 2924 illuminante

125 2966 224 3034 semet
251 2955 370 3029 orbant¹
395 2954 510 3018 dilectu
531 2953 690 3034 proprio,
727 2975 792 3026 non
815 2967 916 3018 autem
935 2957 997 3020 Dei
1022 2960 1126 3044 aliqua

126 3056 243 3121 invidia
265 3056 370 3119 radios
394 3059 432 3118 ab
461 3057 505 3118 eis
534 3077 610 3120 suos
643 3056 829 3132 avertentis,
867 3058 913 3122 sio
941 3073 972 3122 et
1000 3063 1053 3144 qui
1083 3069 1126 3128 oh

124 3181 260 3242 pravum
293 3158 376 3224 vitae
406 3180 504 3243 genus
536 3159 680 3225 dicuntur
712 3162 865 3222 excedere
894 3165 932 3224 de
954 3164 1029 3228 net
1047 3189 1126 3247 pros

125 3261 281 3338 videntia,
316 3273 505 3326 nontamen
529 3263 657 3326 omnino
680 3274 771 3328 extra
792 3284 859 3325 eam
882 3279 965 3335 sunt,
1022 3271 1127 3334 Nemo

125 3364 209 3431 enim
231 3378 296 3452 est,
326 3376 361 3428 ut
383 3367 499 3447 hospes
521 3361 572 3428 illc
595 3366 637 3428 ait
658 3365 876 3444 Atheniensis,
916 3371 967 3432 vel
988 3371 1031 3432 ita
1052 3395 1127 3454 par.

125 3491 202 3544 vus,
238 3479 272 3530 ut
296 3468 329 3530 in
357 3469 653 3550 profundoterrae
681 3473 871 3543 descendeus
898 3473 998 3536 latere
1026 3477 1128 3558 possit

125 3570 346 3654 providentiae
369 3571 472 3638 omnia
495 3571 595 3640 etiam·
610 3573 732 3636 minima
754 3574 957 3656 inspectanti;
991 3571 1127 3645 aut'tanr

127 3697 279 3760 magnus,
314 3687 348 3738 ut
377 3697 471 3757 supra
500 3677 619 3743 caelum
642 3677 752 3740 volare
775 3680 876 3758 possit
899 3693 984 3744 etse
1006 3694 1127 3764 podere

127 3791 218 3844 extra
241 3792 401 3863 regentem
425 3791 536 3843 cuncta
565 3778 813 3859 providentiam
851 3785 905 3846 sed
936 3807 1005 3847 cum
1034 3789 1125 3850 nobis
1189 3857 1191 3861 ,

129 3884 167 3945 de
195 3903 254 3946 suo
277 3883 419 3962 Deorum
452 3893 623 3963 potestates
651 3884 735 3948 bona
762 3884 873 3968 largiri
901 3891 1039 3965 valeant,
1059 3892 1126 3954 ‘his
