2758 4760
1053 438 1094 499 83

73 609 132 668 *ob
154 607 186 668 id
208 605 372 670 interitura
389 605 434 668 sit
456 604 571 674 Mundi
592 604 747 678 beatitas,
789 617 822 667 ut
851 625 908 668 neo
931 607 1041 671 domus
1065 617 1095 668 et

88 708 187 790 patris
210 707 343 770 similias
366 710 408 772 ob
431 713 598 772 servorum
620 706 855 796 negligentiam.
1028 711 1031 718 ’

528 895 663 960 XXVI.
767 909 768 914 ’

154 1020 253 1100 Quod
275 1039 354 1092 vero
382 1017 524 1082 dubitant
551 1038 589 1078 an
615 1017 686 1080 talis
712 1018 753 1082 sit
781 1018 813 1083 in
835 1020 928 1082 nobis
947 1020 1095 1098 libertas,

88 1123 212 1206 qualem
240 1122 304 1184 fert
331 1119 495 1192 hominum
521 1120 695 1183 eommunis
722 1132 753 1182 et
779 1121 946 1203 anticipata
969 1124 1096 1206 opinio,

88 1247 124 1288 ea
154 1224 309 1290 dubitatio
339 1244 405 1288 non
438 1222 504 1286 sine
538 1222 624 1286 omni
651 1233 699 1284 est
728 1223 863 1290 ratione.
920 1226 983 1290 Sed
1013 1229 1100 1308 quod

86 1328 152 1392 istis
175 1326 325 1390 dubitatis
354 1337 504 1409 tanquam
535 1324 596 1388 iam
624 1325 717 1407 plane
748 1325 779 1388 in
807 1325 957 1394 confesso
986 1328 1098 1408 positis

87 1453 125 1498 eo
149 1432 393 1512 provehuntur,
417 1441 453 1496 ut
469 1428 582 1492 tollant
601 1449 638 1490 ea
656 1450 719 1510 qua
737 1441 811 1491 sunt
836 1430 1096 1508 manifestissima,

86 1537 231 1596 tunbram
259 1554 339 1596 vero
370 1543 401 1594 et
430 1533 538 1596 ludum
562 1530 678 1594 saciant
697 1553 755 1598 ¹res
787 1553 894 1596 omnes
925 1535 1097 1611 humanas„
1137 1523 1140 1533 ¹

88 1649 118 1700 et
141 1649 255 1701 eontra
276 1636 357 1698 haec
379 1633 484 1699 omnia
516 1646 659 1719 pugnent
685 1656 747 1718 pro
773 1635 833 1698 illis
865 1637 985 1713 dubiis,
1018 1661 1099 1722 quo·

87 1742 183 1804 modo
207 1760 272 1802 non
298 1737 458 1803 aratione
481 1737 520 1801 sit
540 1736 725 1801 remotum?
757 1739 832 1800 Non
859 1733 957 1820 enim,
982 1740 1100 1825 siquis
1142 1818 1147 1826 x

88 1844 216 1908 solvere
239 1863 303 1904 non
326 1851 433 1922 potest
455 1840 594 1904 Zenonis
616 1852 821 1924 argumenta,
847 1841 961 1924 quibus
984 1843 1100 1910 motio.

86 1969 157 2008 nem
193 1954 394 2027 oppugnat,
419 1941 491 2005 ideo
522 1945 666 2026 neganda
708 1953 755 2008 est
787 1944 852 2006 ulla
885 1965 955 2008 esse
987 1946 1099 2016 motio,

87 2048 238 2112 Validior
260 2047 340 2110 enim
360 2047 399 2108 ad
432 2067 593 2108 assensum
627 2047 858 2126 impetrandum
895 2069 1002 2114 rerum
1035 2050 1101 2114 evis

89 2153 216 2228 dentis,
242 2171 335 2234 quam
359 2149 479 2242 omnis,
512 2169 592 2231 quae
612 2160 724 2212 contra
747 2149 903 2226 affertur,
927 2151 1100 2218 verborum

90 2255 253 2319 illecebra.
736 2313 739 2316 .

151 2360 199 2424 At
225 2377 306 2425 vero
328 2379 388 2420 neo
411 2359 465 2420 abs
487 2378 522 2420 re
545 2355 605 2422 erit
632 2356 859 2434 dubitationum
883 2381 954 2435 eas,
988 2359 1102 2444 quibus

90 2461 133 2524 illi
157 2461 295 2528 maxime
320 2461 438 2535 fidunt,
477 2460 510 2522 in
540 2482 648 2526 manus
679 2481 823 2536 sumere,
863 2475 895 2525 et
917 2464 993 2545 qnid
1008 2464 1042 2528 in
1067 2485 1101 2526 se

92 2567 227 2632 habeant
247 2567 439 2645 expendere.
485 2564 637 2626 Fortasse
660 2564 741 2626 enim
760 2565 953 2645 reperiemus
976 2567 1053 2632 nihil
1071 2567 1103 2632 in

91 2669 144 2745 iis,
170 2689 252 2752 quae
275 2667 450 2742 obiectant,
476 2687 544 2731 esse
569 2665 686 2749 magni.
732 2665 777 2742 Si,
808 2665 910 2730 aiunt:
934 2668 967 2732 id
988 2669 1019 2731 in
1041 2689 1101 2732 uo·

91 2783 153 2834 stra
176 2783 227 2836 est
243 2781 425 2852 potestate,
457 2769 543 2832 euius
567 2780 598 2831 et
618 2768 779 2832 contraria
801 2791 898 2854 agere
919 2793 1099 2853 possumus,

90 2888 120 2939 et
139 2875 227 2942 eirca
249 2895 300 2937 res
323 2873 401 2956 tales
429 2883 595 2938 versantur
617 2870 812 2934 laudationes
837 2884 868 2934 et
893 2873 1102 2956 vituperatio.

92 2999 168 3054 nes,
207 2979 409 3040 hortamenta
438 2985 469 3036 ot
503 2973 761 3048 dehortationes,
797 2995 921 3056 poenae
954 2988 985 3038 ot
1009 2999 1102 3060 praes

92 3081 173 3161 mia,
210 3101 276 3148 nou
308 3078 369 3151 erit
402 3077 435 3142 in
461 3086 618 3158 potestate
645 3074 808 3138 hominum
828 3079 1006 3158 proborum
1035 3100 1103 3146 esse

90 3186 213 3266 probos
242 3193 274 3244 et
295 3181 429 3245 viu-mes
450 3179 481 3241 in
503 3200 536 3240 se
557 3179 697 3243 habero:
728 3178 800 3261 quia
819 3179 939 3246 scilicet
962 3183 1104 3266 recipere

93 3288 124 3353 in
157 3307 193 3351 se
226 3305 290 3352 non
305 3285 458 3364 ‘possunt
484 3281 581 3358 vitia,
629 3302 710 3364 quae
735 3281 802 3350 istis
832 3282 1001 3346 virtutibus
1033 3296 1104 3348 sunt

90 3387 263 3458 contraria.
330 3386 384 3450 Sic
415 3405 517 3467 neque
548 3383 624 3448 vitia
652 3384 686 3448 in
719 3383 912 3454 vitiosorum
942 3385 1104 3454 hominum

90 3505 184 3558 erunt
211 3501 391 3574 potestate,
426 3507 529 3570 neque
553 3487 634 3550 enim
657 3487 690 3554 in
711 3507 823 3551 eorum
848 3497 1007 3567 potestate
1037 3501 1102 3568 est,

8 3611 9 3614 ’
90 3609 125 3660 ut
142 3594 215 3658 mali
237 3615 304 3658 non
330 3592 405 3662 sint.
456 3589 559 3672 Atqui
577 3591 730 3659 absonum
753 3589 793 3655 sit
820 3589 924 3654 dicere
950 3612 1013 3660 non
1037 3613 1105 3658 esse

8 3767 10 3772 ,
91 3700 123 3764 io
149 3710 262 3763 nostra
284 3706 441 3780 potestate
465 3693 597 3756 virtutes
621 3704 652 3754 et
682 3682 771 3759 vitia.
816 3694 891 3759 Non
920 3691 1020 3777 igitur
1043 3695 1106 3760 tale

93 3816 140 3872 est
174 3802 267 3886 quale
296 3798 437 3869 ereditur
465 3797 498 3865 id
527 3795 614 3886 quod
645 3793 678 3862 in
707 3807 863 3880 potestate
894 3805 1004 3864 nostre
1037 3817 1106 3862 esse

95 3906 224 3978 dieitur.
