<?xml version="1.0" encoding="UTF-8"?>
<!DOCTYPE html PUBLIC "-//W3C//DTD XHTML 1.0 Transitional//EN"
    "http://www.w3.org/TR/xhtml1/DTD/xhtml1-transitional.dtd">
<html xmlns="http://www.w3.org/1999/xhtml" xml:lang="en" lang="en">
 <head>
  <title>
</title>
<meta http-equiv="Content-Type" content="text/html;charset=utf-8" />
  <meta name='ocr-system' content='tesseract 3.04.00' />
  <meta name='ocr-capabilities' content='ocr_page ocr_carea ocr_par ocr_line ocrx_word'/>
</head>
<body>
  <div class='ocr_page' id='page_1' title='image "./alexandriaphrod00bardgoog_0271.png"; bbox 0 0 2728 4758; ppageno 0'>
   <div class='ocr_carea' id='block_1_1' title="bbox 243 895 976 998">
    <p class='ocr_par' dir='ltr' id='par_1_1' title="bbox 243 895 976 998">
     <span class='ocr_line' id='line_1_1' title="bbox 243 895 976 998; baseline 0 -26"><span class='ocrx_word' id='word_1_1' title='bbox 243 897 545 997; x_wconf 82' lang='lat' dir='ltr'>Siglarum</span> <span class='ocrx_word' id='word_1_2' title='bbox 603 895 976 998; x_wconf 81' lang='lat' dir='ltr'>Explicatio.</span> 
     </span>
    </p>
   </div>
   <div class='ocr_carea' id='block_1_2' title="bbox 109 1322 1113 1934">
    <p class='ocr_par' dir='ltr' id='par_1_2' title="bbox 109 1322 1112 1598">
     <span class='ocr_line' id='line_1_2' title="bbox 109 1322 1111 1394; baseline 0.002 -2"><span class='ocrx_word' id='word_1_3' title='bbox 109 1327 237 1392; x_wconf 83' lang='lat' dir='ltr'>Havn.</span> <span class='ocrx_word' id='word_1_4' title='bbox 280 1325 422 1392; x_wconf 84' lang='lat' dir='ltr'>Denotat</span> <span class='ocrx_word' id='word_1_5' title='bbox 451 1322 605 1390; x_wconf 80' lang='lat' dir='ltr'><strong>codicem</strong></span> <span class='ocrx_word' id='word_1_6' title='bbox 637 1323 859 1390; x_wconf 79' lang='lat' dir='ltr'>Fabricianum</span> <span class='ocrx_word' id='word_1_7' title='bbox 888 1325 1032 1392; x_wconf 86' lang='lat' dir='ltr'>Havniae</span> <span class='ocrx_word' id='word_1_8' title='bbox 1060 1351 1111 1394; x_wconf 87' lang='lat' dir='ltr'>as·</span> 
     </span>
     <span class='ocr_line' id='line_1_3' title="bbox 192 1417 1112 1504; baseline 0.003 -10"><span class='ocrx_word' id='word_1_9' title='bbox 192 1421 352 1504; x_wconf 76' lang='lat' dir='ltr'>servantia</span> <span class='ocrx_word' id='word_1_10' title='bbox 383 1428 418 1494; x_wconf 89' lang='lat' dir='ltr'>in</span> <span class='ocrx_word' id='word_1_11' title='bbox 449 1421 648 1494; x_wconf 77' lang='lat' dir='ltr'>Bibliotheea</span> <span class='ocrx_word' id='word_1_12' title='bbox 682 1417 908 1496; x_wconf 78' lang='lat' dir='ltr'>Univereitatia</span> <span class='ocrx_word' id='word_1_13' title='bbox 936 1431 1021 1496; x_wconf 86' lang='lat' dir='ltr'>Nro.</span> <span class='ocrx_word' id='word_1_14' title='bbox 1055 1432 1112 1497; x_wconf 81' lang='lat'>85.</span> 
     </span>
     <span class='ocr_line' id='line_1_4' title="bbox 191 1533 442 1598; baseline 0 0"><span class='ocrx_word' id='word_1_15' title='bbox 191 1533 277 1598; x_wconf 86' lang='lat' dir='ltr'>Vide</span> <span class='ocrx_word' id='word_1_16' title='bbox 298 1533 442 1598; x_wconf 72' lang='lat' dir='ltr'>Praefat-</span> 
     </span>
    </p>

    <p class='ocr_par' dir='ltr' id='par_1_3' title="bbox 109 1635 1113 1934">
     <span class='ocr_line' id='line_1_5' title="bbox 109 1635 1113 1720; baseline 0.004 -20"><span class='ocrx_word' id='word_1_17' title='bbox 109 1635 218 1703; x_wconf 87' lang='lat' dir='ltr'>Mon.</span> <span class='ocrx_word' id='word_1_18' title='bbox 261 1637 438 1720; x_wconf 81' lang='lat' dir='ltr'><strong>Exemplar</strong></span> <span class='ocrx_word' id='word_1_19' title='bbox 459 1635 604 1702; x_wconf 75' lang='lat' dir='ltr'>editionis</span> <span class='ocrx_word' id='word_1_20' title='bbox 625 1635 761 1700; x_wconf 83' lang='lat' dir='ltr'>Aldinae</span> <span class='ocrx_word' id='word_1_21' title='bbox 788 1635 906 1720; x_wconf 88' lang='lat' dir='ltr'>prioris</span> <span class='ocrx_word' id='word_1_22' title='bbox 933 1635 966 1702; x_wconf 88' lang='lat' dir='ltr'>in</span> <span class='ocrx_word' id='word_1_23' title='bbox 988 1637 1113 1705; x_wconf 88' lang='lat' dir='ltr'>Biblio-</span> 
     </span>
     <span class='ocr_line' id='line_1_6' title="bbox 191 1737 1112 1826; baseline 0.008 -23"><span class='ocrx_word' id='word_1_24' title='bbox 191 1741 284 1806; x_wconf 87' lang='lat' dir='ltr'>theea</span> <span class='ocrx_word' id='word_1_25' title='bbox 310 1737 415 1826; x_wconf 84' lang='lat' dir='ltr'>Regia</span> <span class='ocrx_word' id='word_1_26' title='bbox 446 1738 636 1812; x_wconf 83' lang='lat' dir='ltr'>Monacensi</span> <span class='ocrx_word' id='word_1_27' title='bbox 665 1761 736 1804; x_wconf 88' lang='lat' dir='ltr'>eum</span> <span class='ocrx_word' id='word_1_28' title='bbox 765 1739 889 1804; x_wconf 84' lang='lat' dir='ltr'>Glossia</span> <span class='ocrx_word' id='word_1_29' title='bbox 921 1739 1048 1826; x_wconf 79' lang='lat' dir='ltr'>seriptis</span> <span class='ocrx_word' id='word_1_30' title='bbox 1078 1743 1112 1810; x_wconf 88' lang='lat' dir='ltr'>in</span> 
     </span>
     <span class='ocr_line' id='line_1_7' title="bbox 191 1833 942 1934; baseline 0.004 -27"><span class='ocrx_word' id='word_1_31' title='bbox 191 1843 335 1934; x_wconf 74' lang='lat' dir='ltr'>margine</span> <span class='ocrx_word' id='word_1_32' title='bbox 356 1864 471 1920; x_wconf 86' lang='lat' dir='ltr'>manu,</span> <span class='ocrx_word' id='word_1_33' title='bbox 494 1833 698 1920; x_wconf 70' lang='lat' dir='ltr'>uiridem,</span> <span class='ocrx_word' id='word_1_34' title='bbox 722 1843 766 1906; x_wconf 90' lang='grc' dir='ltr'>Ρ.</span> <span class='ocrx_word' id='word_1_35' title='bbox 789 1843 942 1910; x_wconf 80' lang='lat' dir='ltr'>Victorii.</span> 
     </span>
    </p>
   </div>
   <div class='ocr_carea' id='block_1_3' title="bbox 108 1938 1114 2030">
    <p class='ocr_par' dir='ltr' id='par_1_4' title="bbox 108 1938 1114 2030">
     <span class='ocr_line' id='line_1_8' title="bbox 108 1938 1114 2030; baseline 0.004 -18"><span class='ocrx_word' id='word_1_36' title='bbox 108 1947 200 2013; x_wconf 77' lang='lat' dir='ltr'>Ald.</span> <span class='ocrx_word' id='word_1_37' title='bbox 225 1947 258 2014; x_wconf 85' lang='lat'>1.</span> <span class='ocrx_word' id='word_1_38' title='bbox 301 1945 484 2012; x_wconf 85' lang='lat' dir='ltr'>Editionem</span> <span class='ocrx_word' id='word_1_39' title='bbox 502 1940 680 2030; x_wconf 77' lang='lat' dir='ltr'>prinoipem</span> <span class='ocrx_word' id='word_1_40' title='bbox 700 1943 849 2010; x_wconf 83' lang='lat' dir='ltr'>Aldinam</span> <span class='ocrx_word' id='word_1_41' title='bbox 870 1947 910 2012; x_wconf 93' lang='lat' dir='ltr'>de</span> <span class='ocrx_word' id='word_1_42' title='bbox 931 1968 1014 2014; x_wconf 87' lang='lat' dir='ltr'>anno</span> <span class='ocrx_word' id='word_1_43' title='bbox 1030 1938 1114 2016; x_wconf 73' lang='grc'><strong>1181</strong></span> 
     </span>
    </p>
   </div>
   <div class='ocr_carea' id='block_1_4' title="bbox 108 2049 1242 3793">
    <p class='ocr_par' dir='ltr' id='par_1_5' title="bbox 192 2049 342 2116">
     <span class='ocr_line' id='line_1_9' title="bbox 192 2049 342 2116; baseline -0.02 0"><span class='ocrx_word' id='word_1_44' title='bbox 192 2049 342 2116; x_wconf 80' lang='lat' dir='ltr'>infolio.</span> 
     </span>
    </p>

    <p class='ocr_par' dir='ltr' id='par_1_6' title="bbox 108 2150 1114 2324">
     <span class='ocr_line' id='line_1_10' title="bbox 108 2150 1114 2237; baseline 0.005 -18"><span class='ocrx_word' id='word_1_45' title='bbox 108 2155 199 2221; x_wconf 75' lang='lat' dir='ltr'>Ata.</span> <span class='ocrx_word' id='word_1_46' title='bbox 222 2155 256 2219; x_wconf 80' lang='lat'>2.</span> <span class='ocrx_word' id='word_1_47' title='bbox 299 2151 481 2218; x_wconf 87' lang='lat' dir='ltr'>Editionem</span> <span class='ocrx_word' id='word_1_48' title='bbox 517 2150 666 2218; x_wconf 86' lang='lat' dir='ltr'>Aldinam</span> <span class='ocrx_word' id='word_1_49' title='bbox 708 2151 923 2237; x_wconf 81' lang='lat' dir='ltr'>posteriorem</span> <span class='ocrx_word' id='word_1_50' title='bbox 965 2169 1114 2224; x_wconf 72' lang='lat' dir='ltr'>excusam</span> 
     </span>
     <span class='ocr_line' id='line_1_11' title="bbox 193 2254 553 2324; baseline -0.006 -2"><span class='ocrx_word' id='word_1_51' title='bbox 193 2275 276 2324; x_wconf 88' lang='lat' dir='ltr'>anno</span> <span class='ocrx_word' id='word_1_52' title='bbox 300 2257 383 2322; x_wconf 80' lang='grc'><strong>1586</strong></span> <span class='ocrx_word' id='word_1_53' title='bbox 404 2254 553 2322; x_wconf 79' lang='lat' dir='ltr'>infolio.</span> 
     </span>
    </p>

    <p class='ocr_par' dir='ltr' id='par_1_7' title="bbox 109 2351 1229 3070">
     <span class='ocr_line' id='line_1_12' title="bbox 109 2351 1116 2448; baseline 0.002 -18"><span class='ocrx_word' id='word_1_54' title='bbox 109 2361 246 2430; x_wconf 83' lang='lat' dir='ltr'>Casei.</span> <span class='ocrx_word' id='word_1_55' title='bbox 289 2359 470 2426; x_wconf 82' lang='lat' dir='ltr'>Editionein</span> <span class='ocrx_word' id='word_1_56' title='bbox 493 2357 623 2426; x_wconf 87' lang='lat' dir='ltr'>Ioannis</span> <span class='ocrx_word' id='word_1_57' title='bbox 647 2357 764 2426; x_wconf 83' lang='lat' dir='ltr'>casetii</span> <span class='ocrx_word' id='word_1_58' title='bbox 784 2351 970 2448; x_wconf 80' lang='lat' dir='ltr'>impressam</span> <span class='ocrx_word' id='word_1_59' title='bbox 992 2357 1116 2432; x_wconf 80' lang='lat' dir='ltr'>Raeto·</span> 
     </span>
     <span class='ocr_line' id='line_1_13' title="bbox 193 2464 636 2548; baseline -0.009 -17"><span class='ocrx_word' id='word_1_60' title='bbox 193 2464 257 2531; x_wconf 85' lang='lat' dir='ltr'>chii</span> <span class='ocrx_word' id='word_1_61' title='bbox 278 2465 361 2530; x_wconf 82' lang='grc'>1588</span> <span class='ocrx_word' id='word_1_62' title='bbox 382 2464 487 2528; x_wconf 85' lang='lat' dir='ltr'>forma</span> <span class='ocrx_word' id='word_1_63' title='bbox 509 2475 636 2548; x_wconf 79' lang='lat' dir='ltr'>quarta.</span> 
     </span>
     <span class='ocr_line' id='line_1_14' title="bbox 109 2563 1229 2674; baseline 0.001 -37"><span class='ocrx_word' id='word_1_64' title='bbox 109 2569 238 2637; x_wconf 88' lang='lat' dir='ltr'>Lond.</span> <span class='ocrx_word' id='word_1_65' title='bbox 282 2567 465 2635; x_wconf 89' lang='lat' dir='ltr'>Editionem</span> <span class='ocrx_word' id='word_1_66' title='bbox 475 2563 712 2646; x_wconf 86' lang='lat' dir='ltr'>Londinensem</span> <span class='ocrx_word' id='word_1_67' title='bbox 722 2567 970 2655; x_wconf 80' lang='lat' dir='ltr'>graecolatinam</span> <span class='ocrx_word' id='word_1_68' title='bbox 983 2593 1118 2674; x_wconf 65' lang='lat' dir='ltr'>expres-2</span> <span class='ocrx_word' id='word_1_69' title='bbox 1227 2619 1229 2626; x_wconf 68' lang='lat'><em>,</em></span> 
     </span>
     <span class='ocr_line' id='line_1_15' title="bbox 192 2665 1059 2759; baseline 0 -19"><span class='ocrx_word' id='word_1_70' title='bbox 192 2696 260 2740; x_wconf 87' lang='lat' dir='ltr'>sam</span> <span class='ocrx_word' id='word_1_71' title='bbox 280 2673 365 2759; x_wconf 69' lang='lat' dir='ltr'>t‘ypia</span> <span class='ocrx_word' id='word_1_72' title='bbox 387 2670 532 2738; x_wconf 85' lang='lat' dir='ltr'>Thomae</span> <span class='ocrx_word' id='word_1_73' title='bbox 554 2671 718 2753; x_wconf 82' lang='lat' dir='ltr'>Royerost</span> <span class='ocrx_word' id='word_1_74' title='bbox 738 2687 820 2738; x_wconf 82' lang='lat' dir='ltr'>anno</span> <span class='ocrx_word' id='word_1_75' title='bbox 844 2665 982 2740; x_wconf 67' lang='grc'><strong>1658111</strong></span> <span class='ocrx_word' id='word_1_76' title='bbox 1005 2669 1059 2740; x_wconf 76' lang='grc'><strong>12.</strong></span> 
     </span>
     <span class='ocr_line' id='line_1_16' title="bbox 110 2765 1116 2861; baseline -0.001 -17"><span class='ocrx_word' id='word_1_77' title='bbox 110 2779 190 2844; x_wconf 81' lang='lat' dir='ltr'>Ena</span> <span class='ocrx_word' id='word_1_78' title='bbox 199 2781 260 2844; x_wconf 90' lang='lat' dir='ltr'>eb.</span> <span class='ocrx_word' id='word_1_79' title='bbox 303 2779 468 2861; x_wconf 81' lang='lat' dir='ltr'>Excerpta</span> <span class='ocrx_word' id='word_1_80' title='bbox 486 2786 528 2840; x_wconf 72' lang='lat' dir='ltr'>ex</span> <span class='ocrx_word' id='word_1_81' title='bbox 541 2772 719 2841; x_wconf 72' lang='lat' dir='ltr'>Alexandri</span> <span class='ocrx_word' id='word_1_82' title='bbox 738 2771 829 2842; x_wconf 71' lang='lat' dir='ltr'>Iihro&#39;</span> <span class='ocrx_word' id='word_1_83' title='bbox 846 2769 885 2841; x_wconf 81' lang='lat' dir='ltr'>de</span> <span class='ocrx_word' id='word_1_84' title='bbox 900 2765 984 2845; x_wconf 71' lang='lat' dir='ltr'>tato</span> <span class='ocrx_word' id='word_1_85' title='bbox 999 2769 1031 2843; x_wconf 87' lang='lat' dir='ltr'>in</span> <span class='ocrx_word' id='word_1_86' title='bbox 1045 2779 1116 2851; x_wconf 76' lang='lat' dir='ltr'>En·</span> 
     </span>
     <span class='ocr_line' id='line_1_17' title="bbox 194 2867 1116 2972; baseline 0.002 -26"><span class='ocrx_word' id='word_1_87' title='bbox 194 2879 275 2946; x_wconf 84' lang='lat' dir='ltr'>sebii</span> <span class='ocrx_word' id='word_1_88' title='bbox 308 2875 415 2944; x_wconf 87' lang='lat' dir='ltr'>Libro</span> <span class='ocrx_word' id='word_1_89' title='bbox 450 2875 516 2942; x_wconf 86' lang='lat' dir='ltr'>vl.</span> <span class='ocrx_word' id='word_1_90' title='bbox 561 2878 600 2942; x_wconf 93' lang='lat' dir='ltr'>de</span> <span class='ocrx_word' id='word_1_91' title='bbox 641 2876 884 2962; x_wconf 79' lang='lat' dir='ltr'>praeparatione</span> <span class='ocrx_word' id='word_1_92' title='bbox 920 2867 1116 2972; x_wconf 68' lang='lat' dir='ltr'>Evangeliea</span> 
     </span>
     <span class='ocr_line' id='line_1_18' title="bbox 194 2983 926 3070; baseline -0.003 -19"><span class='ocrx_word' id='word_1_93' title='bbox 194 2983 279 3070; x_wconf 85' lang='lat' dir='ltr'>Cap.</span> <span class='ocrx_word' id='word_1_94' title='bbox 302 2983 370 3050; x_wconf 87' lang='lat' dir='ltr'>IX.</span> <span class='ocrx_word' id='word_1_95' title='bbox 800 3035 806 3050; x_wconf 60' lang='lat'><em>„</em></span> <span class='ocrx_word' id='word_1_96' title='bbox 925 2999 926 3002; x_wconf 75' lang='grc'>’</span> 
     </span>
    </p>

    <p class='ocr_par' dir='ltr' id='par_1_8' title="bbox 109 3077 1242 3358">
     <span class='ocr_line' id='line_1_19' title="bbox 109 3077 1242 3174; baseline -0.014 -20"><span class='ocrx_word' id='word_1_97' title='bbox 109 3077 299 3174; x_wconf 70' lang='lat' dir='ltr'>Bag&#39;olin.</span> <span class='ocrx_word' id='word_1_98' title='bbox 343 3081 536 3152; x_wconf 70' lang='lat' dir='ltr'>versionem</span> <span class='ocrx_word' id='word_1_99' title='bbox 549 3082 677 3147; x_wconf 80' lang='lat' dir='ltr'>latinam</span> <span class='ocrx_word' id='word_1_100' title='bbox 691 3079 879 3166; x_wconf 75' lang='lat' dir='ltr'>Hieronymi</span> <span class='ocrx_word' id='word_1_101' title='bbox 894 3079 1043 3174; x_wconf 71' lang='lat' dir='ltr'>Bagolim&#39;</span> <span class='ocrx_word' id='word_1_102' title='bbox 1057 3101 1116 3154; x_wconf 59' lang='grc' dir='ltr'>εχ.</span> <span class='ocrx_word' id='word_1_103' title='bbox 1240 3141 1242 3153; x_wconf 66' lang='grc'><strong>,</strong></span> 
     </span>
     <span class='ocr_line' id='line_1_20' title="bbox 196 3184 1116 3274; baseline 0.007 -22"><span class='ocrx_word' id='word_1_104' title='bbox 196 3211 303 3253; x_wconf 87' lang='lat' dir='ltr'>cusam</span> <span class='ocrx_word' id='word_1_105' title='bbox 329 3187 474 3256; x_wconf 78' lang='lat' dir='ltr'>venetiis</span> <span class='ocrx_word' id='word_1_106' title='bbox 507 3188 592 3274; x_wconf 90' lang='lat' dir='ltr'>apud</span> <span class='ocrx_word' id='word_1_107' title='bbox 619 3184 850 3270; x_wconf 81' lang='lat' dir='ltr'>Hieronymum</span> <span class='ocrx_word' id='word_1_108' title='bbox 879 3185 1011 3257; x_wconf 88' lang='lat' dir='ltr'>Scotum</span> <span class='ocrx_word' id='word_1_109' title='bbox 1033 3191 1116 3258; x_wconf 78' lang='lat'><strong>1569</strong></span> 
     </span>
     <span class='ocr_line' id='line_1_21' title="bbox 193 3285 988 3358; baseline 0.001 -1"><span class='ocrx_word' id='word_1_110' title='bbox 193 3292 227 3357; x_wconf 90' lang='lat' dir='ltr'>in</span> <span class='ocrx_word' id='word_1_111' title='bbox 247 3285 342 3358; x_wconf 78' lang='lat' dir='ltr'>solio.</span> <span class='ocrx_word' id='word_1_112' title='bbox 983 3331 988 3342; x_wconf 47' lang='grc' dir='ltr'><em>ν</em></span> 
     </span>
    </p>

    <p class='ocr_par' dir='ltr' id='par_1_9' title="bbox 111 3389 1155 3793">
     <span class='ocr_line' id='line_1_22' title="bbox 111 3389 1116 3484; baseline 0.002 -24"><span class='ocrx_word' id='word_1_113' title='bbox 111 3395 366 3462; x_wconf 81' lang='lat' dir='ltr'>Schulthess.</span> <span class='ocrx_word' id='word_1_114' title='bbox 396 3389 589 3460; x_wconf 76' lang='lat' dir='ltr'>versionem</span> <span class='ocrx_word' id='word_1_115' title='bbox 605 3392 824 3460; x_wconf 84' lang='lat' dir='ltr'>Germanicam</span> <span class='ocrx_word' id='word_1_116' title='bbox 838 3395 974 3484; x_wconf 83' lang='lat' dir='ltr'>Georgii</span> <span class='ocrx_word' id='word_1_117' title='bbox 989 3396 1116 3462; x_wconf 79' lang='lat' dir='ltr'>Schult-</span> 
     </span>
     <span class='ocr_line' id='line_1_23' title="bbox 196 3495 1155 3567; baseline 0 -3"><span class='ocrx_word' id='word_1_118' title='bbox 196 3500 292 3566; x_wconf 84' lang='lat' dir='ltr'>hessii</span> <span class='ocrx_word' id='word_1_119' title='bbox 312 3496 462 3564; x_wconf 86' lang='lat' dir='ltr'>insertam</span> <span class='ocrx_word' id='word_1_120' title='bbox 482 3497 540 3563; x_wconf 79' lang='lat' dir='ltr'>tit.</span> <span class='ocrx_word' id='word_1_121' title='bbox 563 3497 633 3562; x_wconf 71' lang='lat' dir='ltr'>tite</span> <span class='ocrx_word' id='word_1_122' title='bbox 681 3495 869 3564; x_wconf 77' lang='lat' dir='ltr'>Bibliotherr</span> <span class='ocrx_word' id='word_1_123' title='bbox 893 3499 952 3565; x_wconf 80' lang='lat' dir='ltr'>der</span> <span class='ocrx_word' id='word_1_124' title='bbox 972 3499 1118 3567; x_wconf 76' lang='lat' dir='ltr'>Grieeti-</span> <span class='ocrx_word' id='word_1_125' title='bbox 1152 3543 1155 3549; x_wconf 75' lang='lat'><em>,</em></span> 
     </span>
     <span class='ocr_line' id='line_1_24' title="bbox 194 3591 1118 3688; baseline -0.002 -22"><span class='ocrx_word' id='word_1_126' title='bbox 194 3595 299 3672; x_wconf 70' lang='lat' dir='ltr'>seheri</span> <span class='ocrx_word' id='word_1_127' title='bbox 316 3604 552 3688; x_wconf 75' lang='lat' dir='ltr'>Philosophen.</span> <span class='ocrx_word' id='word_1_128' title='bbox 595 3599 708 3666; x_wconf 86' lang='lat' dir='ltr'>Turici</span> <span class='ocrx_word' id='word_1_129' title='bbox 730 3600 826 3668; x_wconf 77' lang='lat'><strong>1782.</strong></span> <span class='ocrx_word' id='word_1_130' title='bbox 850 3599 894 3666; x_wconf 92' lang='grc' dir='ltr'>Τ.</span> <span class='ocrx_word' id='word_1_131' title='bbox 917 3591 983 3668; x_wconf 84' lang='lat' dir='ltr'>IV.</span> <span class='ocrx_word' id='word_1_132' title='bbox 1005 3622 1041 3687; x_wconf 87' lang='lat' dir='ltr'>p.</span> <span class='ocrx_word' id='word_1_133' title='bbox 1056 3599 1118 3668; x_wconf 77' lang='lat'>152</span> 
     </span>
     <span class='ocr_line' id='line_1_25' title="bbox 197 3719 342 3793; baseline 0 -22"><span class='ocrx_word' id='word_1_134' title='bbox 197 3719 230 3771; x_wconf 86' lang='lat' dir='ltr'>et</span> <span class='ocrx_word' id='word_1_135' title='bbox 250 3724 342 3793; x_wconf 83' lang='lat' dir='ltr'>seqq.</span> 
     </span>
    </p>
   </div>
   <div class='ocr_carea' id='block_1_5' title="bbox 623 3895 684 3940">
    <p class='ocr_par' dir='ltr' id='par_1_10' title="bbox 623 3895 684 3940">
     <span class='ocr_line' id='line_1_26' title="bbox 623 3895 684 3940; baseline 0 -30"><span class='ocrx_word' id='word_1_136' title='bbox 623 3895 684 3940; x_wconf 79' lang='grc'>,.</span> 
     </span>
    </p>
   </div>
   <div class='ocr_carea' id='block_1_6' title="bbox 0 0 1371 4758">
    <p class='ocr_par' dir='ltr' id='par_1_11' title="bbox 0 0 1371 4758">
     <span class='ocr_line' id='line_1_27' title="bbox 0 0 1371 4758; baseline 0 0"><span class='ocrx_word' id='word_1_137' title='bbox 0 0 1371 4758; x_wconf 95' lang='lat' dir='ltr'> </span> 
     </span>
    </p>
   </div>
  </div>
 </body>
</html>
