2758 4760
256 333 316 399 15⁹

249 497 362 596 χάραν
379 499 597 595 φυλάξουσιν,
619 499 714 582 ὄντος
728 501 788 572 τοῦ
808 503 866 586 τῆς
882 504 1092 625 ἑιμαρμὲνης
1090 499 1256 573 τοιούτου.

248 602 531 695 (Ομολογήσιιὲ
495 610 531 676 δὲ
550 602 680 684 τούτοις
705 610 760 673 καὶ
778 603 821 672 τὸ
845 602 1035 695 λεγόμενον,
1072 597 1126 682 ότι
1147 605 1255 675 πολλά

252 717 308 778 καὶ
329 709 422 804 παρά
438 717 561 835 μοῖραν
577 713 702 798 γίνεται
716 715 772 776 καὶ
789 706 881 800 παρά
899 711 1111 800 ἑιμαρμένην,
1133 702 1176 790 ὥς
1189 735 1255 778 που

252 818 306 882 καὶ
328 809 348 882 6
368 810 507 896 ποιητὴς
528 813 677 908 ἐμφαίνει

326 950 380 1028 Μὴ
399 949 525 1012 uam
472 955 525 1012 υπὲ
528 975 546 1034 ρ
564 953 682 1040 μοῖραν
699 959 745 1029 55)
765 952 862 1035 δόμον
881 950 968 1020 άϊδσς
987 951 1173 1032 εἰςαφίιιηαι.

251 1111 457 1182 Συνὶσταιτο
475 1105 503 1184 δ
520 1107 562 1180 άν
582 1103 639 1195 ἥδε
660 1107 680 1194 ἡ
704 1108 785 1196 δόξα
806 1119 862 1182 καὶ
877 1109 940 1182 άπὸ
955 1107 1000 1195 ³⁶)
1015 1110 1092 1192 τούς
1104 1109 1257 1203 μάντεις,

251 1216 285 1283 ἐν
307 1211 357 1294 ὁῐς
376 1221 575 1308 προλέγουσι
593 1214 640 1307 μὴ
661 1212 771 1286 πάντα
800 1213 1031 1307 ἐπιτυγχάνειν.
1080 1213 1131 1284 'Ea
1152 1221 1188 1286 δὲ
1210 1215 1256 1307 μὴ

252 1314 347 1401 τήνδε
369 1317 427 1402 τὴν
448 1317 548 1404 δόξαν
569 1327 642 1414 περὶ
664 1323 722 1404 τῆς
742 1323 936 1420 ἑιμαρμένης
956 1318 1034 1399 τούς
1055 1316 1260 1413 ἀνθρώπους

250 1421 333 1513 ἔχειν
353 1427 555 1514 συμβέβηκε,
591 1421 797 1514 θαυμαστὸν
819 1420 923 1493 ὀυδέν.
984 1424 1023 1493 Οἱ
1049 1423 1113 1516 γάρ
1140 1428 1259 1492 πολλοὶ

251 1532 321 1605 τοῖς
341 1534 402 1615 μὲν
422 1523 537 1606 τύποις
560 1522 599 1595 ού
628 1528 735 1606 κακῶς
761 1533 834 1620 περὶ
861 1528 926 1596 τῶν
952 1522 1153 1620 πραγμάτων
1181 1552 1281 1620 στο-Ι

249 1625 423 1718 χάζονται,
454 1631 487 1699 ἐν
508 1633 543 1698 δὲ
565 1636 635 1710 τοιῖς
655 1626 737 1699 καθ’
762 1634 884 1700 ἕκαστα
906 1635 961 1698 καὶ
984 1633 1017 1700 ἓν
1038 1631 1084 1722 τῷ
1106 1631 1259 1724 διορίζειν

252 1757 286 1800 τε
308 1737 365 1801 καὶ
385 1733 577 1824 ἐξακριβοῦν
597 1732 706 1803 πολλά
727 1730 1011 1828 διαμαρτάνουσι·
1047 1732 1086 1812 τὸ
1111 1733 1259 1824 μὲνγὰρ

252 1830 398 1962 (μύσεως,
433 1833 473 1904 τὸ
500 1840 536 1905 δὲ
564 1833 744 1926 ἐπιστήμης
775 1839 881 1931 ἔργον.
925 1835 1017 1921 Ἤδη
1046 1841 1081 1906 δὲ
1111 1839 1172 1906 τού
1201 1839 1259 1922 τῆς

252 1941 447 2060 ἑιμαρμένης
479 1935 644 2030 ὀνόματος
670 1937 903 2034 ’Ἀριστοτέλης
929 1936 1120 2064 μνημονεύει
1147 1944 1243 2008 καὶ
1226 1967 1260 2009 εν

252 2043 298 2135 τῷ
319 2039 436 2136 πρώτῳ
458 2045 521 2112 τάν
542 2048 890 2169 μετεωρολογουμέυων
911 2040 994 2128 ³⁷)‘
978 2040 1098 2124 ούτως·
1130 2091 1146 2120 ,,
1151 2036 1259 2120 Αλλά

253 2140 406 2220 ,πάντων
426 2141 551 2216 τούτων
578 2143 685 2216 άιτιον
713 2144 983 2230 ὑπολείπεται,
974 2141 1013 2231 ό,
1048 2173 1081 2218 τι
1112 2149 1259 2272 γίγνεται

253 2245 333 2322 ,διά
350 2244 476 2342 χρόνων
497 2252 713 2342 ειμαρμὲνιιν
749 2246 820 2326 οἷον
842 2253 875 2322 ἐν
904 2277 978 2331 ταις
1005 2247 1076 2318 κατ’
1107 2248 1259 2322 ἐνιαυτὸν

252 2344 377 2444 ,ὥραις
395 2350 534 2440 χειμὼν,
567 2348 652 2422 όύτω
674 2349 830 2446 περιόδου
852 2352 941 2434 τινὸς
961 2350 1121 2444 μεγάλης,
1153 2358 1258 2444 μέγας

252 2499 268 2530 „
273 2450 392 2544 χειμών
414 2451 485 2538 ⁵⁷).''
519 2454 629 2525 ’Έοιιιι
652 2460 688 2525 δὲ
716 2453 774 2535 διά
802 2484 836 2526 τε
864 2453 987 2527 τούτων
1016 2454 1076 2540 τὴν
1103 2456 1258 2550 ἑιμάρμέε

251 2580 311 2640 νην
331 2554 391 2641 τὴν
412 2554 515 2652 φύσιν
536 2563 654 2646 λέγειν*
691 2557 783 2630 ὁῦτοι
814 2558 879 2654 γάρ
909 2564 1098 2653 ἑιμαρμένοι
1122 2557 1257 2652 χρόνοι,

249 2656 370 2750 χειμών
390 2686 425 2749 τε
453 2667 508 2729 καὶ
537 2664 600 2738 τῶν
626 2660 755 2748 ἄλλων,
792 2669 824 2732 οἱ
851 2662 996 2756 φυσικάς
1025 2662 1083 2742 τάς
1110 2659 1257 2736 άνταποε

252 2759 361 2844 δόσεις
390 2764 532 2854 ἐγουτες,
568 2763 627 2836 οὐκ
658 2767 788 2857 ἐγυυσιν
816 2763 920 2846 άυτάς
955 2762 1196 2860 άπαραβάτους
1223 2793 1258 2836 τε

252 2872 308 2934 καὶ
335 2872 656 2959 κατηναγκασμένος,
693 2867 806 2940 Αλλά
832 2873 932 2940 μοι’
917 2896 950 2939 εν
976 2873 1052 2964 τῷ
1044 2874 1177 2963 πέμπτῳ
1199 2872 1259 2953 τῆς

252 2972 396 3062 φυσικῆς
413 2967 615 3094 ἀκροάσεως
644 2969 748 3054 ὀύτως
775 2968 921 3042 πάλιν’
907 2976 1101 3065 ειμαρμένης
1130 2999 1259 3061 μνημο-

251 3067 356 3142 νεύει·
398 3061 554 3168 ,,Αρυι’
538 3079 597 3146 οῦν
627 3084 683 3146 και
706 3080 848 3206 γενέσεις
875 3079 938 3146 εἰσι
968 3076 1077 3164 βίαιοι
1108 3082 1165 3144 καὶ
1196 3072 1259 3166 οὐχ

251 3177 484 3300 μὲιμαρμέγαι,
520 3176 574 3260 άῑς
605 3181 749 3253 ἐναντίαι
782 3183 818 3246 αἱ
845 3175 933 3246 κατά
959 3173 1087 3273 φύσιν”
1143 3171 1238 3248 Λι
1212 3205 1257 3248 ων

250 3265 419 3399 πάλιν,“
399 3308 452 3350 οτι
479 3285 525 3378 τῷ
552 3285 611 3366 τῆς
638 3284 832 3376 ειμαρμένης
853 3277 993 3370 ὀνόματι
1014 3285 1065 3350 ἐπι
1086 3283 1149 3354 τῶν
1169 3280 1258 3360 κατά

251 3377 354 3475 φύσιν
374 3391 571 3474 γιγνομένων
588 3388 730 3514 γρῆτοιι,
761 3381 934 3479 γνώριμον.
982 3381 1034 3453 Ει
1054 3382 1118 3504 γάρ
1139 3383 1184 3474 μὴ
1208 3388 1256 3479 τῷ

251 3487 432 3581 ἑιμαρμένιμ
460 3495 564 3585 φασιν
586 3491 669 3559 εῖναι
697 3490 842 3560 ἐναντίον
869 3486 908 3558 τὸ
936 3485 1022 3556 κατά
1049 3484 1171 3582 φύσιν,
1208 3491 1256 3582 τῷ

250 3591 287 3662 δὲ
272 3591 400 3686 ἑπαρά
420 3590 479 3675 τὴν
494 3596 704 3718 ἑιμαρμὲνην
715 3590 753 3668 τὸ
775 3589 896 3662 ιιαδΗ
881 3595 1075 3684 ειμαρμένηυ
1097 3593 1256 3676 ἐναντίον,

250 3691 372 3764 τάυτὸν
400 3691 442 3764 άν
473 3697 520 3778 ε’ίη
552 3697 598 3789 τῷ
624 3694 711 3768 κατά
742 3692 845 3790 φύσιν
873 3692 912 3765 τὸ
941 3691 1062 3763 καθ’Γ
1046 3698 1255 3821 ειμαρμένηιι

255 3794 360 3865 Ού
321 3826 387 3892 γαρ
409 3795 449 3880 δὴ
471 3795 607 3868 πλείω“
591 3794 662 3869 οἷόν
682 3826 717 3870 τε
738 3803 784 3869 ἱνι
809 3796 880 3874 όντι
901 3800 947 3894 τῷ
967 3826 1012 3887 μη
1033 3794 1154 3868 καθ’τ
1138 3826 1254 3885 ειμοιρ

249 3905 347 3996 μένην
375 3901 504 3978 ἐυαντια
532 3904 678 3988 λέγειν’
664 3908 763 3988 εἶναι,
809 3899 848 3982 τό
881 3928 914 3972 τε
946 3898 1027 3972 καθ
1057 3905 1256 3992 εἰμαρμένην
